2818 3637
1367 160 1433 210 20

334 311 491 352 Deinde
506 323 632 352 causa
647 314 690 351 et
704 311 1014 352 instrumentum
1029 313 1335 365 praepositione
1353 313 1495 354 eadem
1514 313 1768 365 significatur
1787 312 1900 355 ina.
1912 324 1955 353 va.
1975 311 2139 361 Isau.
2154 314 2253 368 434.
2273 311 2438 361 meist.
2459 312 2572 354 Rem.

220 382 317 428 258,
346 381 494 432 quibus
516 380 556 420 in
580 380 681 421 locis
703 381 1005 434 praepositione
1027 381 1189 430 addita,
1210 394 1296 430 res,
1317 393 1420 432 quae
1441 382 1704 430 describitur,
1733 381 1864 432 magis
1892 380 2088 423 lectorum
2118 379 2455 423 oculis-similiter
2474 381 2573 423 euh-

211 449 372 502 jicitur,
394 449 497 490 utin
520 450 568 489 A.
586 462 623 489 a.
644 449 678 498 Ι,
700 452 735 490 1.
759 446 799 489 6.
822 449 895 498 ΙΠ,
918 451 1011 497 149,
1034 450 1103 490 ubi
1124 450 1345 501 genitivum
1367 454 1617 502 expectares.
1662 450 1834 492 InA.a.
1854 450 1894 500 Ι,
1918 450 2020 492 761·

764 504 911 570 'thue
933 518 1046 558 leves
1067 518 1236 558 Proteus
1258 519 1378 558 modo
1400 530 1444 558 se
1465 519 1650 559 tenuabit
1670 517 1714 557 in
1738 509 1877 557 undae

219 585 379 639 (comp:
403 586 586 639 Propert.
605 586 666 638 ΙΙ,
686 587 754 635 22,
772 586 845 635 27)
867 585 914 626 in
945 587 1200 638 praepositio
1223 598 1312 626 cum
1334 587 1566 627 accusativo
1589 586 1804 639 conjuncta
1821 597 1970 640 eorpus
1986 586 2029 628 in
2048 586 2182 628 aliam
2189 585 2360 628 formam
2377 553 2574 629 mutatum

219 655 434 706 significat.
483 656 607 696 Porro
630 655 880 707 praepositio
914 651 970 694 ab
993 655 1103 707 apud
1124 654 1313 695 Ovidium
1341 667 1420 695 non
1452 655 1585 696 minus
1613 666 1732 707 quam
1753 655 1879 707 apud
1885 655 2065 707 reliquos
2085 659 2232 707 poem
2251 666 2415 698 causam
2437 655 2574 708 expri-

218 724 314 771 mit,
344 724 413 764 ubi
442 724 599 763 solutae
631 725 825 764 orationis
848 724 1069 775 scriptores
1091 724 1131 762 in
1153 723 1334 763 ablativo
1357 722 1446 763 solo
1468 724 1739 777 acquiescunt.
1784 722 1872 774 Qua
1889 724 2047 764 ratione
2076 724 2249 766 lectores
2283 727 2504 775 eoguntur,-
2524 728 2576 764 ut

216 804 322 840 rem,
345 792 395 831 de
416 804 496 843 qua
516 792 670 842 agitur,
692 793 821 832 oculis
843 793 960 843 quasi
980 792 1153 831 lustrare
1176 791 1411 831 videantur:
1449 793 1500 834 A.
1517 805 1554 834 a.
1576 793 1617 842 Ι,
1636 794 1732 834 377.
1756 795 1853 834 510.
1877 794 1972 834 715.
1997 793 2101 833 724.

774 861 907 901 Debet
928 864 968 901 et
989 874 1018 899 a
1031 874 1052 899 ο
1054 858 1177 900 ediis
1201 860 1349 901 sideris
1370 871 1463 901 esse
1485 861 1612 913 niger

217 930 314 969 750.
336 929 396 977 ΙΙ,
415 931 512 970 393
532 927 627 970 763.
649 929 728 976 III,
748 930 816 969 91.
841 931 938 984 545.
963 930 1066 978 668;
1088 928 1232 969 eodem
1250 928 1369 968 modo
1390 933 1490 982 per:
1522 929 1564 979 I,
1584 931 1678 972 260
1704 894 1798 971 265.
1823 932 1919 971 337.
1943 931 2040 971 585.
2063 931 2159 972 404.
2181 930 2332 978 11,4e.
2360 931 2453 972 121.
2477 931 2574 971 324.

215 1000 289 1046 ΙΙΙ,
309 1001 405 1038 377.
430 1000 527 1038 442.
552 1000 647 1038 802.
665 1018 692 1024 -
729 999 861 1039 Semel
877 998 1129 1052 praepositio
1146 994 1226 1037 suh
1244 1001 1513 1049 usurpataest
1527 1011 1638 1040 more
1655 999 1921 1051 Propertiano
1941 999 2011 1050 (cf.
2031 999 2192 1040 Hertzb.
2209 997 2257 1049 Q.
2275 998 2394 1052 Prop.
2415 1011 2455 1051 p.
2475 995 2575 1052 135)

218 1068 270 1108 ad
294 1067 605 1108 describendam
627 1067 705 1108 loci
725 1068 856 1114 ‚clausi
878 1071 1062 1109 naturam
1083 1068 1133 1108 A.
1153 1081 1192 1107 a.
1211 1067 1253 1115 Ι,
1271 1068 1374 1108 289:

772 1137 893 1178 Forte
918 1134 999 1177 sub
1020 1137 1226 1178 umbrosis
1247 1148 1483 1177 nemorosae
1505 1137 1680 1178 vallibus
1702 1137 1815 1179 Idae.

214 1207 346 1259 Saepe
368 1209 503 1246 autem
525 1205 740 1246 verborum
761 1206 943 1258 passivis
964 1206 1106 1249 formis
1126 1206 1290 1248 additur
1310 1205 1470 1246 dativus
1492 1218 1565 1258 pro
1587 1206 1892 1258 praepositione
1915 1220 1942 1247 a
1961 1219 2053 1248 cum
2071 1207 2272 1249 ablativo:
2313 1207 2363 1247 A.
2385 1219 2421 1247 a.
2444 1206 2484 1254 Ι,
2507 1207 2574 1246 54.

216 1278 283 1324 75,
308 1277 467 1332 6143.
491 1276 588 1315 312.
612 1276 709 1316 335.
733 1276 830 1316 416.
854 1276 952 1315 491.
977 1276 1074 1316 612.
1098 1277 1194 1315 727.
1216 1274 1277 1324 ΙΙ,
1297 1277 1361 1314 80.
1390 1275 1481 1315 109.
1507 1275 1602 1315 279.
1627 1276 1721 1315 681.
1743 1274 1828 1324 ΙΠ,
1849 1277 1942 1317 192.
1967 1276 2063 1316 282.
2087 1277 2183 1316 403.
2208 1276 2303 1316 662.
2343 1275 2455 1315 Rem.
2480 1275 2578 1315 601.

217 1347 315 1384 783.
335 1346 432 1384 554.
464 1344 619 1384 Deinde
641 1345 749 1384 idem
769 1356 889 1384 casus
912 1356 1002 1384 cum
1026 1344 1173 1392 verbis,
1191 1356 1293 1395 quae
1313 1347 1464 1383 motum
1486 1343 1735 1394 significant,
1757 1344 1994 1396 &cnjunctus
2011 1348 2076 1385 est
2089 1344 2144 1384 :A-
2162 1357 2199 1385 a.
2216 1344 2250 1393 Ι,
2269 1347 2336 1385 43.
2357 1345 2453 1384 269.
2471 1345 2574 1383 483:

773 1412 963 1453 Forsitan
991 1416 1032 1452 et
1051 1412 1181 1464 primo
1202 1411 1338 1452 veniet
1357 1409 1437 1451 tibi
1453 1412 1572 1452 litera
1590 1412 1732 1452 tristis.

213 1481 276 1531 II,
299 1483 397 1522 278.
422 1482 518 1522 323.
541 1480 624 1530 III,
648 1482 743 1522 251.
776 1481 889 1522 Rem.
915 1483 980 1523 68.
1030 1475 1378 1533 Praeposition'em
1399 1492 1452 1521 ea.-
1471 1485 1604 1522 autem
1628 1484 1710 1522 tam
1731 1493 1822 1523 raro
1842 1481 1883 1521 in
1905 1485 2075 1533 utroque
2103 1481 2282 1523 carmine
2309 1484 2466 1531 extare,
2501 1483 2576 1529 est,

213 1550 322 1603 quod
341 1550 546 1590 miremur.
590 1551 637 1590 cf.
662 1550 710 1589 A.
733 1562 770 1589 a.
794 1549 875 1598 ΙΙΙ,
900 1551 995 1590 268.
1028 1550 1123 1589 627.
1146 1549 1206 1597 ΙΙ,
1230 1551 1327 1590 512.
1376 1550 1568 1589 Ablativo
1591 1549 1736 1590 deinde
1758 1548 1845 1590 sine
1866 1550 2169 1603 praepositione
2192 1550 2327 1603 posito
2350 1550 2578 1601 frequenter

214 1615 305 1659 l6ca
326 1620 447 1659 certis
470 1619 618 1658 finibus
641 1619 946 1671 circumscripta
966 1618 1265 1669 significantur,
1288 1622 1333 1658 ut
1352 1620 1400 1657 A.
1424 1632 1461 1658 a.
1487 1619 1520 1672 Ι,
1545 1620 1619 1659 28.

772 1687 959 1727 Servanti
980 1687 1160 1738 pecudes
1181 1684 1384 1738 vallibus,
1406 1687 1556 1738 Ascra,
1578 1687 1675 1728 tuis.

212 1757 447 1797 cf.46.89.
475 1757 568 1795 103.
596 1757 692 1796 543.
724 1757 820 1796 537.
851 1757 948 1796 564.
979 1755 1041 1804 ΙΙ,
1068 1757 1132 1796 18.
1161 1757 1252 1796 129.
1278 1757 1373 1795 393.
1398 1756 1495 1795 519.
1524 1755 1606 1805 ΙΙΙ,
1634 1758 1726 1797 102.
1754 1758 1846 1797 124.
1875 1759 1965 1797 141.
1988 1718 2084 1796 209.
2116 1757 2211 1797 231.
2237 1757 2330 1796 317.
2358 1758 2452 1797 426.
2478 1757 2573 1796 574.

214 1827 310 1866 646.
343 1825 455 1866 Rem.
475 1825 571 1864 268.
596 1826 692 1864 398.
717 1826 812 1864 542.
838 1825 936 1864 727.
977 1824 1188 1864 Postremo
1211 1835 1350 1864 eorum
1370 1824 1521 1863 mentio
1543 1824 1615 1864 fiat
1631 1836 1841 1873 versuum,
1861 1825 1903 1864 in
1925 1825 2072 1876 quibus
2093 1836 2213 1865 casus
2234 1825 2436 1866 ablativus
2458 1836 2574 1876 prae-

214 1893 420 1948 positione
442 1893 596 1933 omissa
616 1896 835 1946 usurpatur
855 1892 907 1932 ad
930 1904 997 1940 ea,
1022 1892 1127 1933 unde
1149 1892 1244 1944 quid
1267 1892 1424 1941 veniat,
1446 1892 1538 1933 loca
1558 1892 1844 1944 significanda3
1868 1894 1926 1934 sic
1947 1893 1995 1933 A.
2018 1906 2054 1932 a.
2077 1892 2110 1942 Ι,
2135 1894 2228 1934 685.

768 1963 860 2001 Jam
882 1975 1006 2002 nurus
1028 1962 1080 2001 ad
1104 1961 1306 2001 Priamum
1329 1960 1495 2002 diverso
1519 1965 1684 2002 venerat
1703 1959 1814 2002 orbe.

213 2031 275 2080 11,
298 2033 397 2072 421.
425 2030 510 2078 111,
534 2032 630 2070 725.
672 2031 784 2071 Rem.
807 2032 875 2071 87.
899 2031 995 2071 253.
1020 2052 1075 2058 ——

329 2099 442 2141 Haec
462 2099 670 2141 hactenus.
711 2099 872 2149 Restat,
893 2103 938 2141 ut
957 2099 1006 2140 de
1028 2098 1382 2147 similitudinibuS,
1412 2098 1683 2152 metaphoris,
1704 2099 1961 2152 metonymiis
1982 2099 2176 2141 dicamus.
2197 2099 2259 2141 Ac
2277 2097 2574 2142 cimilitudinee
2642 2140 2645 2143 ,
2701 2147 2714 2159 .

214 2170 399 2222 quidem,
436 2169 605 2220 quibus,
642 2181 885 2222 quamquam
913 2170 1034 2222 pleno
1063 2169 1270 2222 epicorum
1299 2172 1532 2220 poematum
1563 2169 1713 2210 flumini
1744 2169 1876 2221 magis
1904 2173 2002 2210 eunt
2026 2169 2334 2219 accomodatas,
2362 2174 2496 2210 tamen
2526 2182 2574 2210 ne

212 2241 365 2291 lyricus
387 2239 550 2289 quidem
581 2242 706 2289 poeta
733 2251 869 2278 carere
899 2242 1056 2289 potest,
1086 2237 1256 2279 Ovidius
1279 2250 1352 2277 suo
1373 2238 1469 2289 jure
1496 2238 1613 2288 quasi
1633 2239 1754 2279 flores
1775 2239 1969 2278 orationis
1991 2239 2176 2290 poeticae
2203 2239 2370 2290 saepius
2398 2239 2438 2278 in
2460 2251 2574 2279 usum

214 2321 331 2349 sunm
353 2306 528 2357 vocavit,
549 2319 671 2359 quam
693 2307 839 2359 reliqui
859 2306 971 2348 illius
998 2307 1145 2349 aetatis
1170 2306 1394 2358 elegiarum
1419 2306 1664 2360 scriptores,
1690 2319 1812 2359 quum
1833 2306 2056 2351 carminum
2081 2319 2246 2349 suorum
2274 2307 2442 2349 liberius
2469 2308 2575 2350 arbi-

213 2377 335 2417 trium
356 2376 437 2417 sibi
459 2387 700 2416 concessum
722 2387 815 2417 esse
837 2375 990 2429 optime
1012 2375 1145 2416 sciret.
1187 2374 1330 2427 Itaque
1351 2375 1523 2428 primum
1546 2386 1627 2416 non
1653 2388 1744 2418 raro
1764 2375 2052 2418 similitudines
2071 2375 2329 2418 inveniuntur
2345 2376 2576 2426 continuae,

216 2446 385 2496 quibus,
422 2456 501 2496 quo
531 2445 759 2484 accuratius
787 2456 855 2484 res
884 2444 1137 2484 describatur
1164 2444 1324 2492 lectori,
1361 2445 1547 2495 singulae
1574 2445 1694 2485 etiam
1721 2449 1861 2497 partes
1891 2445 2061 2498 alicujus
2088 2445 2148 2485 rei
2175 2449 2459 2497 comparantur
2486 2456 2576 2484 cum

215 2514 401 2566 partibus
420 2514 521 2566 ejus,
542 2526 645 2565 quae
666 2514 705 2553 in
724 2513 1069 2566 comparationem
1086 2517 1230 2553 vocata
1245 2517 1319 2561 est,
1336 2514 1406 2554 rei.
1429 2512 1607 2572 Quarum
1624 2515 1809 2567 exempla
1824 2515 2055 2556 notavimus
2070 2514 2190 2555 baec:
2212 2514 2252 2554 in
2265 2515 2313 2555 A.
2326 2529 2362 2555 a.
2374 2514 2408 2563 1,
2421 2516 2574 2563 93‚94:

775 2583 827 2623 Ut
846 2584 952 2624 redit
973 2583 1084 2635 itque
1106 2582 1294 2635 frequens
1316 2583 1479 2634 longum
1500 2582 1668 2623 formica
1686 2596 1760 2636 per
1779 2596 1925 2636 agmen

859 2651 1071 2693 Granifero
1094 2652 1259 2693 solitum
1282 2665 1369 2692 cum
1391 2651 1502 2693 vehit
1521 2664 1590 2693 ore
1612 2653 1766 2703 cibum3

772 2722 856 2762 Aut
875 2726 920 2761 ut
938 2733 1041 2774 apes
1063 2721 1276 2772 saltusque
1296 2733 1393 2761 suos
1414 2725 1456 2761 et
1477 2720 1626 2762 olentia
1646 2726 1787 2763 nactae

859 2791 1019 2831 Pascua
1038 2802 1112 2842 per
1132 2790 1255 2830 flores
1277 2794 1318 2830 et
1337 2791 1478 2841 thyma
1498 2801 1656 2830 summa
1678 2791 1835 2840 volant,

773 2859 839 2899 Sic
860 2860 940 2900 ruit
959 2860 1001 2898 in
1024 2859 1207 2899 celebres
1230 2858 1456 2898 cultissima
1476 2858 1625 2899 femina
1645 2859 1776 2900 ludos.

218 2929 314 2978 553,
338 2930 377 2967 4.
403 2927 498 2967 620.
530 2926 591 2975 11,
617 2928 682 2966 66.
707 2929 873 2968 373-6.
899 2929 1128 2968 439-444.
1168 2926 1281 2970 Rem.
1307 2928 1402 2975 731,
1427 2927 1464 2967 2.
1491 2928 1586 2967 722.
1611 2928 1708 2968 593.
1733 2929 1828 2968 692.
1871 2928 1920 2967 Α.
1942 2941 1978 2968 3.
2001 2928 2082 2978 ΙΙΙ,
2111 2931 2201 2970 162.
2230 2931 2322 2978 185,
2347 2931 2383 2969 6,
2407 2930 2573 2968 703-6.

216 2996 333 3036 Aliae
361 3000 497 3036 antem
527 2997 852 3048 comparationes
881 2997 1090 3038 breviores
1120 3000 1215 3037 sunt
1241 3000 1361 3047 atque
1390 2995 1527 3048 capita
1553 2997 1831 3037 tantummodo
1854 3009 1986 3038 rerum
2014 3001 2204 3049 tangunt3
2233 3002 2316 3038 tum
2340 3001 2472 3038 autem
2496 3009 2574 3038 non

216 3076 309 3104 raro
331 3065 469 3116 plures
493 3065 768 3114 cumulantur,
790 3070 834 3105 ut
853 3067 901 3105 A.
924 3078 962 3106 a.
983 3065 1025 3114 Ι,
1048 3067 1153 3105 574:
1208 3059 1210 3062 ’

774 3132 958 3185 Gargara
976 3138 1076 3186 quot
1095 3137 1278 3185 segetes,
1307 3137 1408 3185 quot*
1422 3133 1549 3173 habet
1568 3132 1801 3185 Methymna
1819 3146 2023 3186 racemos,

859 3204 1047 3255 Aequore
1068 3207 1167 3255 quot
1186 3203 1345 3255 pisces,
1366 3201 1507 3242 fronde
1529 3206 1718 3254 teguntur
1738 3216 1857 3252 aves,

776 3271 882 3326 Quot
903 3272 1057 3315 coelum
1079 3269 1245 3324 stellas,
1266 3276 1326 3314 tot
1345 3270 1470 3314 habet
1489 3275 1559 3315 tua
1578 3272 1706 3315 Roma
1726 3272 1896 3329 puellas.
