2818 3637
1487 163 1516 210 5

447 313 580 373 Quum
589 309 799 362 Gruppius
818 322 937 362 porro
954 310 993 350 in
1011 310 1185 352 carmine
1201 310 1272 351 illo
1288 310 1409 351 aliam
1425 310 1625 352 sentiendi
1640 310 1836 351 rationem
1853 311 1903 351 ab
1916 309 2061 352 Ovidio
2073 307 2269 350 alienam
2257 307 2428 349 inveniri
2440 307 2669 355 contendat,

331 381 516 437 pluribus
532 377 729 432 exemplis
744 390 864 431 quam
879 377 949 420 illo
965 389 1045 427 ιιιιο
1061 389 1084 420 ε
1100 390 1136 420 v.
1156 380 1236 421 405
1250 390 1311 432 sq.
1328 379 1501 433 repetito
1524 377 1669 420 vellem
1683 378 1760 420 hoc
1781 379 2002 421 docuisset.
2036 377 2140 418 Nam
2160 376 2362 430 quomodo
2383 375 2668 417 obscenissimi

331 460 476 491 versus
496 459 521 488 a
541 447 643 488 locis
665 446 896 498 similibus
885 459 925 486 ιιι
947 447 1185 496 Amoribus‚
1212 447 1432 500 Epistolis,
1463 448 1561 488 Arte
1582 447 1799 499 amatoria,
1828 459 1929 499 quos
1958 447 2139 497 singulos
2169 457 2403 486 enumerare
2424 456 2499 484 nos
2520 445 2669 492 taedet,

331 504 520 559 differant
533 517 611 566 ita,
634 519 680 556 ut
702 528 723 556 e
747 516 911 556 diversa
927 516 1124 557 sentiendi
1141 516 1296 557 ratione
1313 517 1485 569 profecti-
1499 527 1591 557 esse
1607 516 1802 564 debeant,
1822 528 1901 555 non
1919 519 2103 568 apparet.
2136 514 2264 554 Immo
2283 526 2379 554 vero
2397 511 2467 566 (cf.
2480 512 2669 553 Leutsch.

330 587 372 631 in
393 585 603 638 encyclop.
621 596 653 626 s.
669 597 707 625 v.
725 584 898 625 ovmms
916 597 956 637 p.
971 586 1021 624 77
1027 614 1053 634 .,
1069 584 1317 628 Bernhard.
1306 596 1349 625 ιιι
1363 584 1458 624 hist.
1475 584 1534 624 lit.
1551 584 1664 625 Rom.
1683 597 1724 637 p.
1738 584 1877 634 448.)‚
1908 583 2012 624 idem
2034 583 2184 624 amon's
2206 594 2354 634 genus,
2382 582 2521 634 quod
2511 594 2552 621 in
2572 581 2670 622 Arte

329 655 547 704 amatoria,
579 653 700 694 etiam
722 653 773 693 ιιι
791 646 918 694 altero
947 654 1123 694 carmine
1143 654 1406 701 describitur;
1438 653 1602 694 eaedem
1630 656 1725 693 sunt
1745 653 1926 706 puellae,
1956 652 2077 693 iidem
2093 653 2287 706 juvenes,
2316 650 2482 692 eaedem
2502 661 2669 690 consue-

329 723 490 764 tudines
509 733 722 773 moresque
742 734 891 762 eorum.

447 791 609 840 Restat,
630 794 676 831 ut
694 795 877 843 quartam
899 791 1199 832 consideremus
1221 802 1403 840 causam,
1421 803 1500 843 qua
1520 794 1763 839 commotus,
1785 804 1878 831 num
1895 790 2088 832 Remedia
2102 791 2265 832 Amoris
2282 788 2417 831 Ovidii
2438 788 2533 838 sint,
2554 788 2669 829 dubi-

328 865 389 901 tat
409 859 631 913 Gruppius.
662 859 715 900 Ει
733 872 832 901 sane
853 860 1035 912 quidem,
1057 860 1093 900 si
1112 860 1189 900 hoc
1209 872 1367 900 carmen
1389 872 1476 901 cum
1497 860 1596 900 Arte
1616 859 1811 900 amatoria
1831 861 2150 913 comparaveris,
2172 865 2218 901 ut
2227 861 2317 913 jam
2338 858 2577 899 Leutschius
2594 858 2620 897 1.
2634 870 2666 898 c.

329 942 369 982 p.
390 930 456 968 77.
478 932 587 969 recte
607 928 885 980 reprehendit,
908 929 1015 969 haud
1037 928 1223 980 exiguum
1243 929 1284 968 in
1306 928 1534 970 inveniendi
1548 932 1588 969 et
1604 928 1849 980 disponendi
1869 932 1955 969 arte
1976 929 2192 970 discrimen
2215 929 2321 969 inter
2340 930 2554 978 utrumque
2575 937 2668 966 esse

329 996 639 1038 animadvertes.
672 995 760 1047 Quo
776 997 908 1048 magis
925 996 1030 1037 enim
1047 997 1088 1036 in
1105 997 1209 1036 Arte'
1219 997 1414 1037 amatoria
1429 998 1592 1037 ubertas
1611 1000 1651 1036 et
1667 997 1765 1037 ordo
1783 1008 1903 1048 quum
1922 997 2207 1037 sententiarum
2222 1000 2308 1036 tum
2325 998 2634 1048 praeceptorum
2647 1006 2668 1034 e

328 1065 618 1106 consuetudine
635 1066 789 1105 urbana
804 1065 1065 1106 deductorum
1080 1066 1189 1105 laudi
1206 1069 1270 1106 est
1285 1070 1441 1119 poetae,
1458 1078 1506 1107 eo
1521 1066 1654 1117 magis
1671 1066 1813 1106 mirum
1831 1070 1907 1116 est,
1928 1066 2035 1116 quod
2056 1066 2161 1106 idem
2182 1067 2221 1106 in
2243 1066 2371 1106 altero
2393 1064 2570 1105 carmine
2587 1067 2668 1104 ste-

327 1134 415 1175 rilis
436 1134 519 1174 fere
541 1137 662 1185 atque
682 1130 974 1186 incompositus
996 1134 1035 1174 in
1058 1134 1287 1187 praeceptis
1303 1133 1559 1175 inveniendis
1576 1133 1747 1175 videtur.
1793 1134 1892 1174 Inde
1913 1134 2071 1182 evenit,
2098 1138 2143 1174 ut
2168 1134 2208 1173 ιιι
2234 1134 2311 1173 hoc
2332 1132 2508 1185 carmine
2528 1132 2667 1184 loqua-

329 1204 431 1243 citas
447 1193 547 1251 illa,
559 1206 727 1255 propter
748 1214 864 1254 quam
888 1204 938 1243 ab
957 1204 1142 1243 omnibus
1163 1203 1246 1243 fere
1262 1203 1431 1245 Ovidius
1448 1203 1733 1256 compellatur,
1754 1203 1888 1254 magis
1904 1215 2024 1254 quam
2042 1203 2083 1242 ιιι
2098 1203 2283 1254 reliquis,
2305 1214 2407 1254 quae
2425 1201 2667 1254 composuit,

302 1277 304 1280 ’
328 1272 590 1321 carminibus,
628 1275 832 1319 cernatur,
869 1275 909 1311 et
936 1272 1119 1324 singulae
1147 1273 1370 1312 sententiae
1401 1272 1564 1325 saepius
1592 1284 1712 1323 quam
1740 1272 1841 1312 alias
1880 1271 2096 1324 exemplis,
2131 1271 2462 1312 similitudinibus
2493 1270 2667 1322 aliisque

326 1342 445 1394 hujus
474 1341 634 1392 generis
663 1342 907 1381 ornamentis
936 1342 1171 1391 dilatentur,
1200 1342 1318 1393 quasi
1346 1345 1465 1393 poeta
1493 1342 1707 1382 verborum
1736 1342 1856 1394 copia
1884 1341 2174 1386 sententiarum
2201 1341 2380 1393 inopiam
2402 1352 2666 1393 compensare

330 1410 512 1469 voluerit.
555 1410 622 1451 Sic
635 1411 722 1463 jam
751 1411 955 1451 exordium
982 1411 1166 1462 quamvis
1193 1411 1404 1461 ingeniose
1424 1411 1630 1451 inventum
1650 1414 1785 1451 tamen
1805 1414 1967 1463 praeter
1982 1422 2133 1451 morem
2157 1409 2290 1451 Ovidii
2314 1421 2386 1463 per
2407 1409 2670 1462 septuaginta

329 1483 420 1520 octo
442 1490 583 1520 versus
605 1479 843 1532 productum
866 1483 940 1520 est.
981 1478 1155 1527 Deinde,
1184 1479 1291 1531 quod
1314 1478 1506 1531 primum,
1527 1490 1705 1519 amorem
1726 1479 1863 1520 statim
1883 1479 1998 1520 initio
2020 1479 2332 1532 opprimendum
2353 1489 2467 1526 esse,
2489 1477 2666 1525 docetur,

327 1561 352 1587 a
368 1560 404 1587 v.
420 1549 472 1587 79
495 1558 622 1599 usque
643 1548 695 1588 ad
715 1561 752 1587 v.
776 1550 853 1588 106
876 1549 1018 1588 iterum
1039 1548 1260 1599 iterumque
1280 1548 1494 1600 repetitur,
1516 1548 1711 1600 exemplis
1728 1548 2043 1596 demonstratur,
2066 1548 2400 1588 similitudinibus
2417 1547 2665 1594 illustratur3

326 1616 453 1664 idem,
482 1620 527 1657 ut
546 1629 568 1657 e
589 1616 726 1657 multis
748 1616 940 1657 nonnulla
959 1619 1112 1656 tantum
1134 1616 1297 1657 afferam
1311 1647 1321 1665 ,
1351 1617 1400 1657 de
1417 1629 1452 1656 v.
1473 1617 1550 1657 251
1568 1628 1628 1668 sq.
1649 1618 1729 1657 315
1748 1628 1809 1668 sq.
1826 1616 2088 1670 judicandum
2105 1628 2197 1658 esse
2226 1616 2465 1669 putaverim.
2512 1614 2666 1655 Deinde

326 1688 459 1725 autem
481 1684 654 1725 maxima
672 1685 743 1724 illa
762 1684 871 1733 laus,
893 1696 996 1736 quae
1014 1688 1158 1736 poetae
1173 1685 1214 1723 in
1232 1685 1520 1724 consuetudine
1536 1685 1929 1735 elegantissimorum
1944 1686 2168 1732 hominum,
2192 1685 2231 1724 in
2250 1685 2344 1724 aula
2359 1685 2547 1734 Augusti,
2570 1684 2666 1723 sede

328 1757 411 1793 tum
433 1753 755 1804 magnificentiae
776 1757 817 1794 et
836 1754 1060 1804 elegantiae
1081 1753 1197 1805 quasi
1218 1753 1358 1794 schola
1377 1753 1554 1793 versanti
1570 1753 1609 1792 in
1629 1755 1724 1794 Arte
1740 1754 1935 1794 amatoria
1949 1754 2042 1794 inde
2057 1754 2204 1803 oritur,
2225 1753 2333 1805 quod
2348 1753 2522 1805 juvenes
2544 1756 2665 1804 atque

326 1822 508 1874 puellas,
529 1823 675 1874 quibus
696 1823 934 1873 magistrum
955 1822 1071 1874 quasi
1093 1821 1293 1874 quendam
1310 1822 1457 1862 amoris
1478 1833 1524 1863 se
1545 1822 1734 1874 praebet,
1754 1822 1922 1874 ubique,
1943 1823 1986 1863 in
2006 1822 2184 1870 theam-o,
2206 1823 2333 1870 circo,
2355 1822 2536 1874 porticu,
2560 1821 2662 1868 foro,

325 1890 502 1930 thalamo
533 1902 694 1943 semper
713 1891 771 1930 ita
791 1888 1001 1939 describit',
1031 1894 1076 1930 ut
1096 1890 1212 1942 quasi
1232 1893 1325 1930 ante
1347 1891 1484 1931 oculos
1503 1894 1667 1931 nostros
1697 1902 1768 1931 eos
1790 1891 2120 1932 consuetudinem
2139 1891 2290 1931 habere
2312 1894 2523 1943 putemus,
2558 1901 2606 1929 ea
2625 1889 2665 1928 in

328 1960 454 2001 altero
476 1959 651 2001 carmine
671 1959 934 2001 desideratur.
1687 1970 1690 1973 ’

440 2028 566 2068 Porro
589 2029 710 2069 etiam
732 2029 955 2070 sententiae
977 2033 1017 2069 et
1037 2030 1224 2081 exempla
1243 2029 1307 2069 vel
1329 2029 1467 2069 eadem
1490 2029 1553 2068 vel
1575 2033 1682 2069 certe
1703 2029 1855 2070 similia
1876 2030 2017 2070 iterum
2038 2031 2226 2079 redeunt3
2254 2030 2303 2069 cf.
2322 2042 2383 2068 vs,
2403 2030 2483 2068 327
2505 2032 2546 2068 ει
2563 2030 2665 2075 5953

326 2099 378 2137 43
401 2100 443 2137 ει
459 2098 536 2145 69;
559 2098 610 2137 87
628 2101 669 2137 ει
686 2099 786 2146 1063
810 2099 834 2137 5
852 2100 892 2138 et
912 2099 1003 2137 159.
1041 2098 1107 2138 Sic
1128 2110 1165 2137 v.
1185 2099 1287 2138 225:

934 2167 1045 2207 Dura
1063 2166 1209 2218 aliquis
1230 2170 1449 2219 praecepta
1468 2169 1587 2207 vocet
1607 2180 1698 2208 mea
1719 2199 1727 2207 .
1760 2168 1860 2208 dura
1886 2168 2055 2208 fatemur

932 2235 1047 2276 Esse.

384 2316 596 2357 compares
618 2316 708 2345 cum
729 2318 766 2344 v.
787 2306 889 2345 496:
935 2304 1025 2345 Non
1047 2308 1143 2345 sunt
1161 2304 1321 2358 imperii
1341 2308 1423 2345 tam
1444 2304 1558 2345 fera
1542 2316 1662 2357 Jussa
1687 2305 1778 2345 mei.

724 2376 765 2413 et
785 2375 888 2413 523:
930 2373 982 2413 Et
1002 2374 1188 2426 quisqam
1209 2377 1429 2429 praecepta
1448 2376 1586 2425 potest
1605 2385 1697 2413 mea
1716 2374 1817 2414 dura
1838 2375 2008 2415 vocare?

323 2441 499 2492 quibus
489 2454 530 2482 ιιι
551 2441 672 2490 locis,
694 2453 795 2493 quos
816 2442 1018 2482 cumulare
1038 2442 1155 2483 facile
1176 2446 1259 2493 est,
1281 2441 1426 2494 poetae
1446 2442 1570 2482 latum
1589 2442 1691 2483 illud
1706 2442 1940 2494 variumque
1956 2443 2104 2483 flumen
2126 2443 2438 2491 sententiarum,
2460 2454 2538 2495 quo
2562 2454 2659 2495 prae

323 2510 509 2562 omnibus
529 2510 612 2551 fere
632 2510 766 2563 poetis
787 2510 977 2551 Romanis
998 2510 1167 2562 gloriam
1188 2523 1308 2562 quam
1327 2510 1539 2551 maximam
1559 2510 1732 2564 adeptus
1753 2514 1837 2560 est,
1857 2511 2063 2552 exaruisse
2082 2511 2253 2552 videtur.
2291 2511 2540 2563 Quamquam
2560 2510 2659 2550 illud

323 2590 402 2619 non
424 2579 806 2631 vituperaverimus,
828 2580 975 2620 nedum
996 2592 1085 2620 cum
1102 2578 1286 2632 Gruppio
1306 2582 1585 2630 argumentum
1606 2592 1653 2620 ex
1674 2592 1722 2620 eo
1744 2579 1999 2632 petierimus,
2022 2593 2122 2632 quo,
2141 2580 2219 2622 hoc
2238 2593 2398 2621 carmen
2415 2580 2519 2620 falso
2539 2579 2660 2620 tribui

323 2645 492 2696 Ovidio,
511 2646 826 2697 demonstretur,
848 2648 955 2700 quod
976 2648 1121 2698 multa,
1143 2660 1246 2700 quae
1267 2660 1388 2700 quum
1408 2648 1448 2688 ιιι
1468 2648 1672 2701 prioribus
1693 2648 1936 2690 carminibus
1956 2652 2042 2689 tum
2061 2648 2102 2689 in
2124 2660 2193 2698 eo,
2224 2649 2331 2701 quod
2359 2648 2408 2687 de
2429 2648 2526 2689 Arte
2546 2660 2659 2688 ama-

323 2716 428 2758 toria
446 2717 713 2770 compositum
735 2721 818 2767 est,
840 2717 1115 2765 inveniantur,
1137 2718 1280 2758 iterum
1302 2717 1390 2771 pari
1410 2718 1491 2758 fers
1512 2717 1632 2759 modo
1655 2721 1696 2759 et
1714 2717 1929 2770 aliquoties
1950 2718 2095 2760 iisdem
2119 2718 2252 2759 verbis
2267 2718 2390 2758 allata
2405 2720 2510 2757 sunt.
2551 2716 2658 2767 Quo-

323 2797 411 2825 rum
433 2797 579 2836 magno
602 2799 650 2827 ex
670 2799 834 2827 numero
854 2787 955 2826 haec
976 2787 1162 2838 exempla
1181 2786 1402 2827 sufficiant:

714 2855 760 2895 R.
784 2857 886 2904 633,
905 2858 952 2895 4·
994 2854 1082 2896 Νοιι
1103 2854 1220 2895 facile
1241 2858 1306 2895 est
1324 2855 1416 2896 visa
1434 2859 1591 2895 taurum
1611 2855 1784 2895 retinere
1799 2855 1993 2908 juvenca,

1079 2923 1213 2964 Fortis
1234 2935 1362 2974 equus
1383 2923 1495 2964 visae
1515 2935 1678 2976 semper
1696 2924 1882 2964 adhinnit
1902 2935 2038 2975 equae.

323 2988 469 3039 quibus
491 3001 702 3043 compares
723 2991 771 3031 A.
790 3004 827 3031 v.
847 2993 897 3032 27
904 2994 949 3040 9
971 2994 1038 3032 80.

991 3060 1181 3101 Mollibus
1202 3060 1243 3100 in
1264 3034 1393 3112 pratis
1412 3059 1592 3111 admugit
1611 3059 1760 3099 femina
1778 3062 1911 3106 tauro,

1077 3128 1246 3168 Femina
1265 3127 1473 3180 cornipedi
1492 3138 1654 3178 semper
1672 3127 1855 3166 adhinnit
1875 3138 2013 3176 equae.

322 3190 538 3233 Praeterea
552 3196 736 3244 conferas
752 3196 864 3236 Rem.
883 3198 936 3235 35
959 3199 999 3235 ει
1018 3196 1067 3235 A.
1085 3198 1161 3244 383
1177 3196 1289 3236 Rem.
1309 3197 1389 3235 249
1413 3199 1453 3234 et
1473 3194 1523 3234 A.
1540 3194 1595 3243 11,
1612 3195 1717 3243 4253
1733 3194 1780 3234 R.
1795 3195 1875 3233 327
1894 3198 1935 3234 ει
1954 3194 2004 3234 Α.
2023 3196 2126 3243 653;
2149 3193 2262 3234 Rem.
2281 3196 2333 3235 57
2357 3200 2399 3235 ει
2419 3195 2566 3243 A.111,
2585 3198 2660 3244 39;

311 3258 370 3303 Β.
391 3261 458 3302 66.
475 3265 517 3304 et
531 3262 582 3304 A.
598 3262 675 3314 111,
692 3265 798 3314 4393
819 3264 865 3306 R.
885 3265 935 3306 67
954 3267 995 3306 ει
1006 3264 1057 3306 Α.
1072 3263 1107 3313 Ι,
1125 3266 1230 3313 3315
1250 3264 1296 3306 R.
1316 3265 1383 3314 85,
1412 3263 1489 3304 106
1507 3265 1547 3303 ει
1561 3262 1611 3303 Α.
1629 3261 1676 3303 ΙΙ.
1697 3262 1801 3312 342;
1817 3261 1863 3303 R.
1883 3263 1936 3303 99
1959 3264 2000 3303 et
2014 3262 2063 3303 A.
2080 3261 2113 3304 Ι.
2133 3263 2237 3313 2853
2257 3262 2370 3305 Rem.
2389 3264 2484 3306 224.
2502 3267 2544 3305 ει
2558 3263 2607 3305 A.
2624 3263 2657 3305 Ι.
