2818 3637
1372 211 1400 260 8

485 360 703 401 117-120:
753 360 806 401 Ut
825 362 983 414 fugiunt
1012 364 1184 415 aquilas,
1204 365 1464 405 timidissima
1482 365 1613 413 turba,
1636 364 1861 415 columbae,

839 431 969 484 thue
990 432 1095 485 fugit
1114 434 1229 475 visos
1249 446 1358 486 agna
1376 434 1538 476 novella
1556 433 1698 487 lupos:

749 500 817 541 Sic
836 501 931 542 illae
951 502 1122 543 timuere
1142 503 1253 544 viros
1275 504 1363 544 sine
1383 515 1495 544 more
1513 507 1693 544 ruentes.

838 569 1064 612 Constitit
1052 583 1095 611 m
1115 571 1248 621 nulla,
1269 572 1337 624 qui
1356 572 1433 612 fuit
1452 575 1570 624 ante,
1590 571 1713 612 color.

211 640 318 678 167-
327 633 418 677 170.
443 639 556 677 219-
560 638 657 677 222.
676 639 889 679 271-274.
914 640 1028 679 327-
1031 642 1127 680 330.
1147 643 1259 681 383—
1263 643 1359 681 386.
1383 637 1496 680 529-
1499 641 1594 680 532.
1618 638 1831 680 545-548
1855 641 2067 682 565-568.
2081 640 2135 690 ΙΙ,
2154 643 2237 682 23-
2240 642 2307 682 26.
2334 644 2443 683 109-
2450 644 2557 692 112.,

204 706 273 746 ubi
293 688 680 758 interpunctionem,
713 718 794 758 qua
813 707 986 748 Jahnius
1009 720 1070 749 vs.
1099 710 1433 756 109‚110.cum
1452 708 1716 761 sequentibus
1737 708 1965 762 conjungit,
1986 714 2157 763 propter
2175 722 2293 751 usum
2313 709 2555 752 Ovidiauum

204 774 476 814 Merkelianae
493 775 819 826 praetulerimus.
853 777 1062 816 217-220.
1084 778 1296 816 243-246.
1316 779 1528 817 319-322.
1549 778 1760 823 349-352.
1780 778 2223 819 609·-612-621-6·24.
2250 777 2326 827 ΙΠ,
2349 780 2555 819 1854188.

203 844 416 883 483-486.
464 842 577 883 Rem.
615 844 825 884 107-11'0.
862 847 1070 884 141—144.
1095 845 1307 884 399-402.
1341 846 1555 886 465-468,
1579 847 1791 886 473-476.
1825 847 2035 887 643-646.
2066 848 2286 896 731-734;
2317 846 2487 895 deinde,
2514 852 2559 886 ut

202 910 352 963 prioris
373 912 664 954 enuntiationis
686 918 823 967 partes
844 914 884 953 in
905 914 1075 954 alterum
1096 913 1371 966 producantur
1389 914 1684 964 hexametrum,
1705 915 1755 955 cf.
1776 915 1817 965 Ι,
1841 916 2002 955 57-602

753 981 936 1036 Gargara
955 987 1055 1036 quot
1074 987 1258 1035 segetes,
1279 987 1379 1036 quot
1396 982 1522 1026 habet
1540 983 1773 1037 Methymna
1791 996 1994 1034 racemos,

833 1053 1021 1105 Aequore
1041 1056 1143 1106 quot
1162 1053 1319 1107 pisces,
1341 1053 1484 1095 fronde
1505 1046 1696 1106 teguntur
1715 1066 1813 1095 aves
1827 1085 1837 1104 ‚

746 1121 855 1173 Quot
874 1123 1031 1163 caelum
1051 1122 1214 1171 stellas,
1234 1125 1297 1185 tot
1314 1123 1439 1163 habet
1457 1126 1529 1164 tua
1548 1123 1676 1163 Roma
1695 1123 1870 1175 puellas:

834 1191 967 1233 Mater
986 1197 1028 1234 et
1048 1193 1210 1234 Aeneae
1232 1196 1391 1234 constat
1409 1192 1450 1233 in
1471 1192 1570 1234 urbe
1591 1192 1667 1233 sui.

198 1258 259 1306 ΙΙ,
284 1261 496 1301 315-318.
521 1261 734 1301 517—520.
758 1262 972 1302 735—738.
1005 1261 1082 1311 ΙΙΙ,
1105 1263 1317 1302 463--466,
1365 1260 1480 1311 Quod
1502 1262 1771 1314 componendi
1792 1273 1921 1313 genus
1942 1262 1982 1303 in
2004 1263 2114 1303 Rem,
2139 1262 2186 1303 A.
2209 1273 2288 1303 non
2307 1263 2522 1315 reperitur.

314 1326 454 1381 Neque
474 1341 567 1370 raro
595 1329 788 1382 periodus
820 1342 895 1384 per
923 1330 1002 1372 duo
1033 1330 1207 1371 disticha
1228 1329 1425 1383 producta
1445 1342 1467 1370 e
1489 1330 1618 1371 tribus
1639 1330 1703 1371 vel
1725 1334 1896 1383 quatuor
1917 1334 2077 1372 constat
2105 1331 2317 1372 sententiis
2348 1331 2553 1384 primariis

200 1397 428 1437 arctissime
450 1398 555 1437 inter
575 1409 620 1438 se
635 1398 804 1451 junctis,
826 1400 941 1452 cujus
961 1399 1130 1439 rationis
1150 1399 1338 1452 exempla
1357 1399 1497 1440 videas
1518 1400 1638 1439 haec:
2490 1418 2491 1421 ¹

409 1467 457 1506 A.
481 1479 516 1506 a.
540 1466 578 1514 Ι,
603 1468 769 1507 25—28:
817 1468 906 1509 Non
930 1480 1027 1519 ego,
1048 1468 1230 1517 Phoebe,
1251 1469 1370 1508 datas
1391 1481 1416 1508 a
1436 1472 1476 1509 te
1498 1469 1594 1508 mihi
1615 1469 1787 1508 mentiar
1807 1472 1915 1509 artes

904 1536 987 1577 Nec
1007 1548 1083 1577 nos
1103 1537 1235 1577 aeriae
1256 1549 1358 1585 voce
1377 1550 1586 1578 monemur
1605 1538 1715 1587 avis,

816 1605 899 1646 Nec
920 1604 1021 1646 mihi
1038 1610 1134 1647 sunt
1154 1607 1267 1647 visae
1288 1606 1375 1647 Glio
1395 1606 1589 1659 Cliusque
1611 1618 1771 1647 sorores

900 1674 1085 1715 Servanti
1107 1675 1285 1728 pecudes
1308 1676 1482 1716 vallibus
1502 1676 1633 1715 Ascra
1651 1677 1745 1716 tuis.

197 1743 408 1781 367—370.
441 1745 655 1783 401—404.
704 1742 764 1790 II,
795 1746 949 1784 45-48.
987 1744 1195 1783 189-192.
1231 1745 1440 1785 193—196.
1470 1745 1681 1784 671—674.
1730 1743 1812 1795 III,
1849 1746 2056 1785 149—152.
2088 1747 2301 1785 357—360.
2331 1747 2547 1786 443—446.

196 1808 408 1851 567—570.
434 1814 645 1852 695—698.
685 1812 796 1852 Rem.
822 1814 1035 1853 201-204.
1061 1814 1273 1853 253-256.
1301 1815 1512 1853 699-702.
1537 1815 1750 1853 593-596.

310 1881 456 1921 Rarius
477 1887 611 1922 autem
633 1883 858 1923 sententiae
880 1883 1095 1935 primariae
1116 1882 1157 1922 in
1179 1882 1314 1935 priore
1336 1883 1510 1923 disticho
1532 1883 1781 1935 praemissae
1802 1881 1931 1924 altera
1959 1883 2181 1923 enuntiatio
2203 1884 2459 1936 subjungitur
2479 1887 2548 1924 aut

196 1959 269 2001 per
289 1960 512 2002 pronomen
531 1950 744 1992 relativum
766 1956 837 1992 aut
858 1963 931 2004 per
952 1952 1256 2005 conjunctiones
1277 1956 1347 1992 aut
1366 1951 1550 1993 adhibito
1572 1951 1794 2001 infinitivo;
1823 1953 1882 1992 sic
1903 1952 1944 2001 Ι,
1968 1954 2018 1992 67
2026 1954 2129 1992 —70:

838 2021 897 2061 Tu
918 2021 1038 2062 modo
1060 2021 1256 2074 Pompeja
1276 2022 1409 2061 lentus
1432 2021 1610 2073 spatiare
1633 2021 1708 2061 sub
1730 2021 1893 2069 umbra,

923 2090 1024 2131 Cum
1044 2091 1107 2131 sol
1129 2090 1314 2131 Herculei
1335 2095 1453 2141 terga
1472 2091 1601 2131 leonis
1621 2090 1726 2138 adit,

841 2159 922 2200 Aut
941 2158 1010 2199 ubi
1030 2158 1264 2200 muneribus
1284 2158 1369 2199 nati
1391 2170 1467 2199 sua
1486 2170 1653 2199 munera
1671 2161 1800 2199 mater

926 2228 1094 2267 Addidit
1113 2232 1278 2268 externo
1298 2239 1498 2268 marmore
1518 2228 1633 2268 dives
1654 2239 1772 2280 opus.

193 2297 347 2334 71—74.
388 2297 602 2335 317-320.
641 2297 856 2335 413-416.
895 2297 1105 2336 647-650.
1153 2296 1213 2344 II,
1248 2297 1460 2336 449-452.
1499 2297 1710 2335 453—456.
1750 2297 1962 2334 497—500.
2017 2295 2099 2343 ΙΙΙ,
2139 2296 2291 2334 69-73.
2330 2296 2544 2335 389—392.

193 2365 405 2405 703-706.
444 2364 556 2405 Rem.
588 2365 803 2405 207-210.
834 2365 1049 2406 429-432.
1109 2365 1205 2406 Jure
1236 2368 1371 2406 tamen
1401 2376 1484 2405 non
1512 2364 1761 2416 frequentius
1782 2363 1858 2404 hac
1880 2363 2149 2417 componendi
2169 2363 2326 2404 ratione
2355 2375 2453 2405 usus
2483 2368 2546 2405 est
2576 2394 2580 2398 .

192 2437 327 2486 posta,
348 2434 417 2486 qui
438 2433 601 2474 distichi
623 2437 808 2474 naturam
831 2434 934 2474 bene
955 2437 1214 2487 perspectum
1234 2434 1414 2475 haberet.
1662 2473 1694 2498 ⁶

307 2503 470 2551 Restat,
501 2508 545 2542 ut
574 2503 769 2543 nonnulla
796 2504 1021 2554 singularia
1047 2503 1167 2555 hujus
1188 2505 1348 2554 generis
1377 2505 1564 2556 exempla
1583 2504 1810 2561 afferamus.
1859 2503 2034 2542 Primum
2057 2503 2181 2553 igitur
2202 2505 2403 2543 sententia
2423 2503 2541 2543 unius

190 2571 354 2613 distichi
376 2572 416 2612 in
438 2573 607 2613 alterum
628 2572 866 2625 producitur
886 2572 1079 2626 epithetis
1099 2572 1250 2614 additis
1270 2573 1311 2614 in
1333 2573 1381 2615 A.
1404 2587 1439 2615 a.
1463 2572 1496 2623 Ι,
1520 2575 1622 2615 289:

836 2641 958 2682 Forte
981 2642 1056 2682 sub
1078 2642 1281 2682 umbrosis
1303 2654 1539 2683 nemorosae
1562 2643 1736 2683 vallibus
1758 2643 1854 2682 Idae

921 2711 1154 2761 Candidus,
1174 2711 1343 2750 armenti
1365 2711 1508 2762 gloria,
1529 2715 1667 2751 taurus
1689 2715 1794 2759 erat,

833 2779 1027 2833 Signatus
1048 2780 1172 2821 tenui
1182 2779 1316 2820 media
1334 2780 1438 2821 inter
1459 2791 1607 2820 cornua
1644 2779 1782 2831 nigro·

922 2848 1012 2889 Una
1030 2849 1107 2889 fuit
1126 2848 1266 2897 labes,
1295 2851 1429 2889 cetera
1450 2848 1566 2888 lactis
1587 2850 1713 2888 erant

189 2917 349 2958 Novum
370 2918 598 2971 subjectum
619 2917 809 2974 additur
799 2930 840 2957 in
861 2917 942 2967 III,
976 2919 1088 2958 251-
1092 2919 1187 2958 254.
1212 2917 1261 2957 cf.
1285 2917 1405 2956 etiam
1426 2915 1489 2964 II,
1522 2917 1734 2956 421-424.
1781 2914 1936 2954 Deinde
1958 2914 2071 2966 prius
2093 2914 2293 2954 distichon
2317 2912 2541 2965 completur

189 2988 372 3041 subjecto
401 2987 570 3040 ejusque
600 2987 824 3036 attributis,
854 2987 1102 3040 praedicatis
1130 2986 1301 3027 alterum
1331 2985 1371 3025 in
1400 2984 1449 3024 A.
1472 2997 1508 3024 a.
1530 2984 1591 3033 ΙΙ,
1622 2985 1733 3024 217-
1739 2984 1835 3024 220.
1876 2982 1958 3031 ΙΙΙ,
1989 2984 2101 3023 559-
2104 2984 2200 3024 562.
2247 2982 2293 3024 R.
2331 2983 2441 3023 145-
2448 2983 2541 3023 148.

189 3056 234 3096 Ιιι
256 3056 311 3106 ΙΙ,
333 3058 355 3096 7
362 3057 547 3097 35738.
573 3056 944 3109 comparationibus
961 3068 1087 3109 supra
1106 3055 1226 3096 trium
1249 3054 1427 3107 priorum
1453 3065 1641 3093 versuum
1662 3052 1764 3093 fines
1782 3051 2018 3104 praemissis
2041 3056 2316 3105 comparatum
2337 3051 2376 3092 in
2398 3053 2540 3104 penta-

188 3125 306 3165 metri
327 3125 406 3166 fine
427 3137 472 3166 se
503 3125 624 3166 uitur.

303 3194 447 3234 Elucet
465 3137 624 3234 alutem
622 3206 670 3233 ex
689 3192 754 3233 his
776 3193 992 3244 exemplis,
1021 3196 1172 3244 quauta
1192 3195 1279 3233 arte
1300 3191 1512 3233 mollitiem
1532 3195 1651 3242 atque
1663 3190 1924 3231 latitudinem
1945 3191 2076 3239 illam,
2109 3202 2211 3241 quae
2232 3189 2350 3230 metri
2371 3187 2540 3239 elegiaci

188 3262 381 3315 propriae
403 3265 520 3310 sunt,
543 3274 633 3302 cum
664 3260 861 3301 varietate
883 3260 1176 3301 cousociaverit
1196 3258 1380 3301 Ovidius.
1426 3258 1507 3299 Sed
1530 3258 1709 3310 ubique
1698 3271 1739 3298 in
1760 3258 1838 3299 fine
1860 3258 2101 3311 pentametri
2123 3256 2345 3307 sententia,
2375 3268 2479 3307 quae
2500 3255 2542 3294 in

188 3341 311 3370 versu
331 3330 517 3382 longiore
538 3330 696 3369 initium
717 3329 846 3382 cepit,
868 3340 1037 3381 prorsus
1054 3328 1255 3369 clauditur
1274 3332 1345 3368 aut
1363 3329 1405 3367 in
1427 3327 1646 3380 majoribus
1668 3328 1849 3379 periodis
1867 3327 2005 3377 aliqua
2020 3327 2095 3366 fit
2085 3326 2248 3373 incisim
2269 3328 2340 3364 aut
2359 3325 2395 3364 si
2416 3334 2540 3363 enun-
