2818 3637
1442 186 1464 232 7

288 351 391 380 vena
411 350 460 378 ea
481 333 670 390 profudit.
716 331 827 384 Quae
849 346 970 386 quum
991 333 1048 373 ita
1069 335 1161 383 sint,
1183 336 1275 388 quis
1296 336 1517 384 mirabitur,
1539 336 1708 376 eundem
1731 341 1903 388 poetam,
1926 337 1992 387 qui
2007 336 2092 388 jam
2114 336 2354 377 adolescens
2375 340 2520 388 sponte
2543 336 2620 377 sibi

287 419 445 448 carmen
468 404 605 444 venire
625 403 676 442 ad
699 415 885 442 numeros
907 406 1086 454 apteset
1106 404 1296 455 quidquid
1318 408 1494 445 tentaret
1512 405 1663 451 dicere,
1687 417 1827 445 versus
1850 417 1962 452 esse,
1991 406 2081 456 ipse
2110 406 2305 456 gloriatus
2333 410 2439 452 erat,
2470 408 2621 456 passim

287 476 385 515 etin
407 473 579 524 singulis
600 471 786 512 versibus
815 475 855 511 et
881 471 978 511 totis
1000 472 1243 513 carminibus
1273 486 1351 523 non
1381 473 1516 514 omnia
1543 485 1639 513 cura
1666 474 1842 514 secunda
1871 473 2096 521 delevisse,
2127 486 2229 525 quae
2260 474 2452 513 calidiore
2475 473 2543 512 illo
2564 474 2622 512 in-

286 542 393 596 genii
415 541 568 594 impetu
585 540 808 580 concitatus
831 539 955 580 semel
977 540 1169 581 ediderat.
1213 540 1444 583 Cavendum
1460 541 1584 593 igitur
1600 544 1676 590 est,
1697 553 1761 590 ne,
1783 542 1818 581 si
1841 553 1964 593 opera
1979 542 2065 594 ejus
2087 542 2138 581 ad
2160 554 2340 582 summae
2362 542 2623 594 perfectionis

285 611 461 664 speciem
480 609 631 650 referre
652 609 838 657 velimus,
859 610 899 649 in
921 621 1095 649 errorem
1116 611 1340 650 incidamus
1361 622 1480 660 quam
1501 611 1727 650 maximum.
1774 611 1820 650 ld
1839 614 1944 650 certe
1959 611 2050 663 jure
2068 612 2190 651 statui
2213 615 2416 661 putamus,
2436 612 2530 649 huic
2551 611 2621 650 ab·

285 680 440 721 solutae
476 677 750 731 praestantiae
788 678 923 718 studio
958 679 998 718 in
1035 677 1168 718 Ovidii
1213 678 1456 719 carminibus
1491 679 1625 719 minus
1664 691 1754 720 esse
1790 679 2045 720 tribuendum
2080 674 2199 730 quam
2236 679 2276 718 in
2311 679 2478 730 reliquis
2514 680 2622 731 ejus-

284 736 381 790 (καί
397 747 557 797 aetatis.
753 754 763 757 -
1895 753 1920 759 -’

398 815 530 867 Quum
551 816 672 867 igitur
693 828 752 865 ea,
774 816 921 873 quibus
943 815 1164 869 Gruppius,
1186 820 1229 856 ut
1249 829 1407 857 carmen
1428 818 1478 858 de
1503 817 1705 857 Remediis
1727 818 1815 857 Am.
1840 818 2107 869 compositum
2132 817 2171 856 in
2195 817 2485 858 dubitationem
2506 830 2621 857 voca-

282 890 365 934 ret,
393 889 614 926 commotus
642 889 727 933 est,
756 880 992 935 argumenta
1019 886 1291 936 suspicionem
1311 886 1510 936 quandam
1531 898 1692 929 movere
1724 887 1900 938 possint,
1931 899 2058 938 neque
2079 891 2213 933 tamen
2236 886 2337 926 satis
2359 886 2505 926 idonea
2527 887 2620 934 sint,

282 955 429 1008 quibus
450 954 548 995 certi
569 953 665 1006 quid
687 957 906 1003 statuatur,
927 967 1019 999 num
1042 954 1172 995 simile
1194 954 1407 996 discrimen
1428 955 1576 996 existat
1595 955 1699 995 inter
1714 955 1853 995 Artem
1870 967 1948 994 am.
1970 959 2011 995 et
2029 955 2106 995 hoc
2128 967 2288 995 carmen
2313 953 2356 994 in
2378 952 2621 1003 elocutione,

283 1024 549 1077 exploremus.
597 1024 652 1062 At
676 1023 849 1063 fortasse
877 1023 1079 1075 quispiam
1108 1024 1326 1064 secundum
1354 1025 1462 1064 illam
1495 1035 1570 1076 per
1596 1027 1658 1063 tot
1684 1023 1810 1063 libros
1837 1024 2023 1063 traditam
2054 1028 2094 1063 et
2112 1025 2233 1064 toties
2253 1025 2474 1075 repetitam
2491 1025 2621 1076 opini-

282 1105 413 1149 onem,
444 1092 711 1132 elocutionem
733 1091 866 1133 Ovidii
886 1092 1009 1133 talem
1030 1103 1142 1142 esse,
1173 1096 1218 1133 ut
1236 1093 1424 1134 facillime
1451 1105 1478 1133 a
1497 1092 1759 1143 diligentibus
1791 1092 2008 1133 lectoribus
2040 1093 2260 1133 imitatione
2283 1093 2453 1145 exprimi
2475 1093 2621 1145 possit,

282 1162 497 1216 putaverit.
543 1161 624 1202 Sed
645 1172 850 1211 veremur,
880 1172 929 1202 ne
956 1162 1033 1201 hoc
1062 1162 1225 1214 saepius
1256 1173 1375 1213 quam
1405 1162 1538 1203 verius
1569 1154 1719 1201 dictum
1748 1161 1813 1201 sit.
1866 1159 2114 1212 Quamquam
2136 1162 2238 1201 enim
2262 1162 2376 1201 multi
2398 1162 2621 1202 imitatores

281 1231 400 1285 hujus
422 1234 566 1283 poetae
587 1231 762 1281 vestigia
789 1231 1090 1270 accuratissime
1117 1231 1361 1287 presserint,
1390 1236 1524 1270 tamen
1555 1243 1626 1270 eos
1654 1231 1884 1282 complures
1912 1231 2073 1281 quidem
2103 1231 2285 1280 singulos
2315 1243 2459 1271 versus
2491 1244 2620 1282 neque

281 1304 368 1340 tota
386 1299 565 1351 carmina
584 1299 686 1338 tanti
706 1300 942 1347 voluminis,
972 1300 1109 1351 quanti
1132 1303 1227 1340 sunt
1252 1299 1445 1339 Remedia
1467 1300 1558 1339 Am.
1572 1329 1583 1346 ‚
1613 1299 1673 1339 sic
1701 1299 1981 1351 composuisse
2010 1299 2354 1347 contenderimus,
2382 1304 2427 1339 ut
2446 1299 2620 1340 elocutio

282 1367 687 1414 Ovidianaomnibus
708 1368 749 1408 in
771 1368 954 1420 partibus
976 1380 1111 1408 eorum
1133 1368 1299 1419 agnosci
1321 1369 1465 1420 possit.
1514 1367 1637 1420 Cujus
1659 1368 1716 1408 rei
1745 1380 1890 1409 causae
1911 1368 1951 1407 in
1974 1372 2116 1407 natura
2137 1379 2258 1419 quum
2279 1368 2513 1408 imitationis
2534 1367 2618 1408 tum

283 1437 403 1490 hujus
425 1437 573 1489 poetae
594 1436 726 1489 ipsius
743 1437 891 1476 insunt.
939 1436 1115 1476 Primum
1136 1438 1241 1476 enim
1258 1448 1374 1475 nemo
1392 1437 1638 1476 imitatorum
1659 1441 1700 1476 et
1719 1438 1759 1476 in
1780 1438 1903 1476 rebus
1924 1441 1966 1476 et
1984 1437 2024 1475 in
2047 1437 2271 1475 elocutione
2294 1449 2366 1487 per
2385 1441 2512 1475 totum
2535 1449 2619 1475 car·

283 1518 375 1546 men
397 1506 519 1545 alium
542 1509 702 1557 poetam
723 1506 780 1544 ita
802 1506 990 1545 simulare
1011 1507 1173 1557 poterit,
1197 1510 1241 1545 ut
1261 1517 1457 1556 nusquam
1475 1505 1810 1561 deprehendatur.
1857 1505 2012 1545 Deinde
2027 1509 2159 1545 autem
2178 1506 2295 1546 nobis
2316 1506 2441 1545 multo
2462 1505 2620 1545 facilius

286 1575 510 1615 imitatione
533 1575 738 1615 simillima
758 1575 925 1627 exprimi
950 1582 1072 1627 ‘posse
1094 1574 1280 1615 videntur
1300 1575 1369 1615 alii
1390 1574 1569 1628 ejusdem
1591 1575 1680 1616 aevi
1702 1578 1847 1627 poetae
1870 1574 2062 1623 Romani,
2085 1586 2204 1625 quam
2227 1573 2416 1623 Ovidius,
2439 1575 2506 1626 qui
2528 1578 2620 1614 ante

282 1654 420 1684 omnes
442 1643 619 1683 carmina
640 1643 769 1695 magis
785 1643 924 1692 indoli,
947 1655 1065 1695 quam
1083 1644 1161 1684 arti
1177 1643 1389 1695 studioque
1406 1643 1564 1691 debeat,
1587 1654 1665 1695 quo
1686 1655 1803 1683 nemo
1825 1644 1955 1695 magis
1977 1644 2031 1683 sit
2046 1643 2182 1682 varius
2204 1647 2245 1682 et
2260 1644 2374 1695 quasi
2397 1643 2619 1694 multiplex,

286 1724 365 1764 quo
388 1712 522 1753 nullus
543 1713 625 1753 fere
646 1713 778 1754 minus
799 1713 1018 1754 orationem
1041 1713 1207 1753 latinam
1228 1712 1277 1752 ad
1301 1711 1543 1753 Graecorum
1564 1713 1788 1764 exemplum
1811 1712 2019 1753 effinxerit.

394 1783 485 1821 Jam
507 1794 615 1829 vero,
636 1786 681 1821 ut
700 1783 750 1821 de
772 1782 1014 1822 discriminis
1035 1782 1159 1829 illius,
1180 1783 1285 1832 quod
1309 1787 1440 1821 extare
1461 1782 1565 1822 inter
1586 1783 1723 1822 Artem
1744 1786 1863 1821 amat.
1887 1787 1927 1821 et
1947 1782 2139 1821 Remedia
2154 1783 2243 1821 Am.
2266 1782 2405 1832 negari
2426 1795 2504 1823 non
2529 1788 2618 1833 pot·

275 1854 350 1899 est,
373 1850 508 1892 causis
530 1851 664 1892 verius
685 1850 755 1891 fiat
768 1851 977 1904 judicium,
999 1850 1225 1891 accuratius
1248 1849 1541 1891 consideranda
1563 1855 1627 1891 est
1650 1850 1833 1891 elocutio.
1875 1850 1963 1901 Qua
1977 1850 2017 1890 in
2034 1862 2077 1890 re
2099 1851 2270 1890 maxime
2291 1850 2489 1899 dolemus,
2510 1851 2616 1902 quod

209 1961 214 1970 ,
276 1931 404 1971 usque
425 1920 474 1959 ad
497 1919 573 1960 hoc
594 1924 756 1972 tempus
784 1925 866 1959 tam
887 1932 1054 1972 parvam
1078 1931 1243 1972 operam
1264 1920 1301 1959 ei
1323 1908 1592 1971 explorandae
1619 1920 1816 1960 dederuut
1837 1921 1911 1959 viri
1933 1920 2053 1959 docti.
2100 1919 2212 1969 Quae
2234 1919 2337 1959 enim
2361 1932 2386 1958 a
2401 1919 2617 1960 Leutschio

275 1986 315 2027 in
337 1988 546 2041 encyclop.
570 2001 602 2028 s.
621 2002 658 2028 v.
679 1987 812 2028 Ovidii
834 1988 1052 2040 praecipue
1073 1999 1121 2028 ex
1141 1988 1239 2028 Arte
1261 1989 1455 2028 amatoria
1475 1988 1751 2040 proferuntur,
1774 1989 1899 2028 multa
1919 1992 2038 2039 atque
2061 1988 2226 2038 egregia
2244 1987 2432 2027 habenda
2453 1992 2559 2035 sunt,
2582 1989 2617 2027 si

280 2057 558 2108 angustiarum
580 2058 704 2110 spatii
725 2058 895 2097 admissi
915 2061 1036 2108 atque
1058 2057 1236 2106 consilii,
1268 2069 1347 2108 quo
1368 2058 1438 2096 illa
1457 2058 1689 2110 conscripta
1709 2062 1821 2105 sunt,
1851 2059 2046 2098 rationem
2067 2058 2219 2105 habes3
2248 2058 2311 2097 sin
2332 2061 2465 2096 autem
2487 2057 2538 2096 ad
2559 2058 2615 2096 rei

273 2124 418 2178 ipsius,
440 2125 491 2167 de
512 2138 591 2178 qua
607 2126 753 2178 agitur,
774 2124 1092 2177 magnitudinem
1108 2129 1285 2179 spectas,
1306 2137 1521 2178 perpauca.
1541 2146 1594 2153 ——
1614 2126 1667 2166 Ut
1682 2130 1815 2166 autem
1838 2126 1890 2174 id,
1913 2126 2020 2177 quod
2041 2125 2158 2165 nobis
2180 2126 2482 2177 proposuimus,
2506 2138 2615 2165 asse-

273 2207 466 2247 quamur,
495 2196 596 2238 satis
618 2208 710 2237 esse
731 2195 1155 2248 videtur,.eloquendi
1175 2194 1391 2243 rationem,
1420 2194 1552 2247 qualis
1580 2196 1619 2236 in
1649 2194 1851 2237 Remediis
1874 2196 1963 2235 Am.
1992 2195 2238 2242 inveniatur,
2269 2207 2504 2248 comparare
2527 2208 2615 2235 cum

272 2264 371 2306 Arte
391 2265 608 2316 amatoria,
640 2277 762 2318 quum
782 2269 994 2317 utrumque
1016 2275 1176 2306 carmen
1203 2268 1245 2305 et
1273 2268 1454 2318 tempore
1475 2268 1516 2304 et
1536 2276 1682 2317 genere
1711 2264 1812 2305 adeo
1842 2264 2050 2304 consimile
2080 2264 2153 2312 sit,
2184 2268 2229 2303 ut
2252 2264 2421 2303 alterum
2450 2264 2614 2303 alterius

273 2335 599 2387 supplementum
634 2335 831 2374 nominari
866 2335 1012 2387 possit.
1070 2334 1199 2384 Quam
1234 2334 1572 2385 comparationem
1603 2334 1660 2372 ita
1694 2334 1971 2379 instituemus,
2008 2338 2052 2372 ut
2088 2333 2302 2380 afferamus
2339 2334 2611 2384 adjumentum

275 2403 667 2456 quantulumcunque
689 2403 903 2445 elocutioni
926 2403 1297 2471 Ovidianae·adhuc
1318 2403 1598 2454 explorandae.

390 2473 522 2526 Atque
542 2477 587 2513 nt
607 2473 780 2526 primum
811 2473 972 2525 quidem
1000 2473 1177 2513 rationes
1205 2472 1453 2523 singulorum
1483 2472 1744 2512 distichorum
1775 2476 2104 2524 perscrutemur,
2123 2471 2218 2522 quia
2246 2471 2377 2522 elegia
2405 2471 2611 2511 vividioris

273 2539 467 2582 orationis
487 2541 637 2582 formas
656 2541 837 2593 requirit,
860 2541 1017 2594 periodi
1039 2553 1164 2594 supra
1183 2540 1302 2581 unius
1323 2540 1484 2580 distichi
1501 2541 1663 2591 modum
1685 2527 1875 2581 extensae
1896 2553 1971 2593 pro
1988 2552 2176 2580 versuum
2198 2551 2362 2579 numero
2385 2551 2462 2578 non
2486 2551 2610 2590 saepe

274 2620 395 2659 quum
415 2610 466 2650 ab
488 2612 673 2652 omnibus
701 2612 821 2664 hujus
850 2611 1010 2662 generis
1039 2612 1181 2663 poetis
1202 2616 1287 2650 tum
1315 2611 1366 2650 ab
1389 2610 1533 2650 Ovidio
1561 2611 1838 2651 admittuntur.
1892 2610 2022 2650 Unum
2053 2610 2177 2661 igitur
2204 2614 2311 2649 extat
2338 2609 2377 2648 in
2405 2609 2452 2648 A.
2475 2622 2511 2648 a.
2535 2607 2609 2656 III,

276 2679 488 2719 633—644.
511 2680 757 2733 exemplum,
786 2679 855 2720 ubi
883 2692 963 2720 una
989 2679 1181 2732 periodus
1202 2670 1394 2732 primaria
1413 2679 1686 2720 enuntiatione
1714 2679 1940 2732 praemissa
1967 2691 2040 2731 per
2068 2691 2139 2719 sex
2167 2678 2338 2718 disticha
2362 2678 2608 2729 producitur.

274 2745 413 2798 Neque
434 2747 573 2788 crebro
594 2760 674 2788 uno
695 2749 908 2788 verborum
935 2748 1088 2787 ambitu
1113 2748 1192 2788 tria
1212 2748 1463 2800 complentur
1492 2748 1676 2788 disticha.
1724 2748 1837 2798 Quod
1866 2749 1936 2788 ubi
1963 2748 2027 2796 fit,
2058 2759 2217 2798 semper
2247 2747 2287 2785 in
2315 2746 2394 2785 fine
2416 2747 2608 2798 cujusque

241 2816 244 2817 ’
272 2816 513 2867 pentametri
533 2816 675 2858 incisio
696 2817 826 2859 minor
845 2816 1057 2856 iuvenitur.
1104 2814 1228 2869 Cujus
1248 2817 1415 2857 rationis
1435 2817 1621 2869 exempla
1640 2817 1781 2857 videas
1801 2818 1842 2857 in
1863 2817 1912 2857 A.
1929 2829 1965 2856 a.
1983 2816 2015 2865 Ι,
2040 2817 2190 2856 81-86.
2215 2815 2367 2854 93-99.
2392 2816 2605 2854 405-410.

274 2884 486 2926 569-574.
518 2885 573 2935 11,
597 2887 751 2927 79-84.
777 2887 988 2926 373—378.
1011 2886 1223 2926 439—444.
1255 2885 1331 2933 ΠΙ,
1359 2879 1507 2927 11ss16.
1534 2887 1741 2927 123—128.
1774 2886 1820 2926 R.
1845 2885 2288 2926 413—418.489-494.
2424 2871 2434 2880 '

388 2953 654 3007 Frequentius
674 2957 808 2996 autem
828 2967 909 2995 una
928 2953 1119 3007 periodus
1141 2966 1213 3007 per
1234 2952 1313 2994 duo
1335 2953 1560 2995 extenditur
1581 2954 1771 3003 disticha,
1795 2959 1834 2995 et
1855 2954 2027 3007 primum
2051 2952 2125 3000 ita,
2150 2945 2199 2992 ‘ut
2218 2951 2389 2992 alterum
2410 2952 2610 3004 protasin,

272 3020 442 3064 alterum
462 3024 661 3077 apodosin
683 3024 764 3065 alia
790 3024 1004 3076 aliquoties
1025 3023 1225 3065 sententia
1243 3023 1429 3076 adjuncta
1457 3023 1769 3076 complectatur,
1798 3027 1841 3062 ut
1861 3024 1901 3062 in
1922 3023 1969 3062 A.
1992 3035 2028 3062 a.
2052 3022 2090 3071 I,
2126 3024 2341 3061 Ill—114:

811 3093 994 3144 Dumque
1014 3092 1155 3133 rudem
1174 3093 1392 3146 praebente
1412 3090 1573 3131 modum
1596 3092 1758 3132 tibicine
1780 3091 1908 3131 Tusco

897 3161 1049 3203 Ludius
1070 3165 1284 3214 aequatam
1304 3164 1366 3202 ter
1385 3159 1488 3212 pede
1508 3160 1646 3212 pulsat
1664 3160 1840 3211 humum,

814 3229 860 3270 In
883 3229 1015 3270 medio
1036 3230 1183 3282 plausu
1201 3258 1209 3269 .
1227 3262 1235 3270 .
1255 3261 1264 3271 .
1288 3229 1454 3282 plausus
1475 3232 1570 3268 tuuc
1591 3232 1676 3268 arte
1697 3228 1887 3268 carebant
1906 3258 1914 3267 .
1936 3259 1943 3267 .
1964 3259 1971 3267 .

898 3298 980 3339 Rex
1000 3298 1152 3351 populo
1174 3298 1347 3364 praedae
1369 3298 1485 3348 signa
1505 3296 1679 3349 petenda
1699 3296 1820 3337 dedit.
