<?xml version="1.0" encoding="UTF-8"?>
<!DOCTYPE html PUBLIC "-//W3C//DTD XHTML 1.0 Transitional//EN"
    "http://www.w3.org/TR/xhtml1/DTD/xhtml1-transitional.dtd">
<html xmlns="http://www.w3.org/1999/xhtml" xml:lang="en" lang="en">
 <head>
  <title>
</title>
<meta http-equiv="Content-Type" content="text/html;charset=utf-8" />
  <meta name='ocr-system' content='tesseract 3.04.00' />
  <meta name='ocr-capabilities' content='ocr_page ocr_carea ocr_par ocr_line ocrx_word'/>
</head>
<body>
  <div class='ocr_page' id='page_1' title='image "4748862_0010.png"; bbox 0 0 2818 3637; ppageno 0'>
   <div class='ocr_carea' id='block_1_1' title="bbox 1064 0 1139 157">
    <p class='ocr_par' dir='ltr' id='par_1_1' title="bbox 997 0 1139 228">
     <span class='ocr_line' id='line_1_1' title="bbox 1064 0 1139 157; baseline 0 71"><span class='ocrx_word' id='word_1_1' title='bbox 1064 0 1139 157; x_wconf 56' lang='lat' dir='ltr'><em>y</em></span> 
     </span>
    </p>
   </div>
   <div class='ocr_carea' id='block_1_2' title="bbox 223 311 2677 2713">
    <p class='ocr_par' dir='ltr' id='par_1_2' title="bbox 234 311 2677 919">
     <span class='ocr_line' id='line_1_2' title="bbox 242 311 2677 377; baseline 0 -21"><span class='ocrx_word' id='word_1_2' title='bbox 242 314 897 368; x_wconf 48' lang='lat' dir='ltr'>mmssaliismauere</span> <span class='ocrx_word' id='word_1_3' title='bbox 926 315 1085 368; x_wconf 78' lang='lat' dir='ltr'><strong>possit?</strong></span> <span class='ocrx_word' id='word_1_4' title='bbox 1134 311 1394 358; x_wconf 74' lang='lat' dir='ltr'>Praesertim·</span> <span class='ocrx_word' id='word_1_5' title='bbox 1414 329 1535 367; x_wconf 90' lang='lat' dir='ltr'>quum</span> <span class='ocrx_word' id='word_1_6' title='bbox 1564 315 1773 369; x_wconf 84' lang='lat' dir='ltr'>Gruppius</span> <span class='ocrx_word' id='word_1_7' title='bbox 1801 314 2103 370; x_wconf 84' lang='lat' dir='ltr'>ejusdem-libri</span> <span class='ocrx_word' id='word_1_8' title='bbox 2128 326 2224 368; x_wconf 76' lang='lat' dir='ltr'>pag.</span> <span class='ocrx_word' id='word_1_9' title='bbox 2246 314 2329 356; x_wconf 80' lang='lat'>492</span> <span class='ocrx_word' id='word_1_10' title='bbox 2358 313 2450 371; x_wconf 82' lang='lat' dir='ltr'>ipse</span> <span class='ocrx_word' id='word_1_11' title='bbox 2470 314 2591 356; x_wconf 78' lang='lat' dir='ltr'>etiam</span> <span class='ocrx_word' id='word_1_12' title='bbox 2668 371 2677 377; x_wconf 68' lang='lat'>,</span> 
     </span>
     <span class='ocr_line' id='line_1_3' title="bbox 240 381 2590 440; baseline 0 -15"><span class='ocrx_word' id='word_1_13' title='bbox 240 383 341 426; x_wconf 89' lang='lat' dir='ltr'>illud</span> <span class='ocrx_word' id='word_1_14' title='bbox 363 383 415 427; x_wconf 89' lang='lat' dir='ltr'>de</span> <span class='ocrx_word' id='word_1_15' title='bbox 434 383 769 426; x_wconf 82' lang='lat' dir='ltr'>medicaminibus</span> <span class='ocrx_word' id='word_1_16' title='bbox 789 383 907 426; x_wconf 84' lang='lat' dir='ltr'>faciei</span> <span class='ocrx_word' id='word_1_17' title='bbox 924 384 1195 435; x_wconf 79' lang='lat' dir='ltr'><strong>fragmentum</strong></span> <span class='ocrx_word' id='word_1_18' title='bbox 1215 385 1397 440; x_wconf 88' lang='lat' dir='ltr'>spurium</span> <span class='ocrx_word' id='word_1_19' title='bbox 1414 397 1506 428; x_wconf 85' lang='lat' dir='ltr'>esse</span> <span class='ocrx_word' id='word_1_20' title='bbox 1520 385 1690 440; x_wconf 86' lang='lat' dir='ltr'>judicet,</span> <span class='ocrx_word' id='word_1_21' title='bbox 1711 396 1953 438; x_wconf 87' lang='lat' dir='ltr'>quamquam</span> <span class='ocrx_word' id='word_1_22' title='bbox 1972 383 2014 425; x_wconf 92' lang='lat' dir='ltr'>in</span> <span class='ocrx_word' id='word_1_23' title='bbox 2031 382 2144 426; x_wconf 82' lang='lat' dir='ltr'>Artis</span> <span class='ocrx_word' id='word_1_24' title='bbox 2158 381 2379 424; x_wconf 71' lang='lat' dir='ltr'>amatoriae</span> <span class='ocrx_word' id='word_1_25' title='bbox 2394 381 2498 424; x_wconf 88' lang='lat' dir='ltr'>libro</span> <span class='ocrx_word' id='word_1_26' title='bbox 2513 381 2590 434; x_wconf 92' lang='lat'>111,</span> 
     </span>
     <span class='ocr_line' id='line_1_4' title="bbox 239 450 2590 505; baseline -0.001 -13"><span class='ocrx_word' id='word_1_27' title='bbox 239 453 323 492; x_wconf 80' lang='lat'>205</span> <span class='ocrx_word' id='word_1_28' title='bbox 346 464 413 505; x_wconf 83' lang='lat' dir='ltr'>sq:</span> <span class='ocrx_word' id='word_1_29' title='bbox 431 455 779 493; x_wconf 81' lang='lat' dir='ltr'>commemoratur.</span> <span class='ocrx_word' id='word_1_30' title='bbox 827 452 972 500; x_wconf 90' lang='lat' dir='ltr'>Vides,</span> <span class='ocrx_word' id='word_1_31' title='bbox 994 456 1147 504; x_wconf 90' lang='lat' dir='ltr'>quanta</span> <span class='ocrx_word' id='word_1_32' title='bbox 1168 453 1332 494; x_wconf 89' lang='lat' dir='ltr'>licentia</span> <span class='ocrx_word' id='word_1_33' title='bbox 1351 465 1448 495; x_wconf 87' lang='lat' dir='ltr'>usus</span> <span class='ocrx_word' id='word_1_34' title='bbox 1470 454 1525 494; x_wconf 89' lang='lat' dir='ltr'>sit</span> <span class='ocrx_word' id='word_1_35' title='bbox 1544 454 1606 494; x_wconf 89' lang='lat' dir='ltr'>vir</span> <span class='ocrx_word' id='word_1_36' title='bbox 1626 453 1899 495; x_wconf 87' lang='lat' dir='ltr'>doctissimus.</span> <span class='ocrx_word' id='word_1_37' title='bbox 1949 452 2062 493; x_wconf 82' lang='lat' dir='ltr'>Idem</span> <span class='ocrx_word' id='word_1_38' title='bbox 2075 482 2085 502; x_wconf 95' lang='lat'><strong>‚</strong></span> <span class='ocrx_word' id='word_1_39' title='bbox 2107 451 2177 505; x_wconf 89' lang='lat' dir='ltr'>qui</span> <span class='ocrx_word' id='word_1_40' title='bbox 2196 451 2254 492; x_wconf 90' lang='lat' dir='ltr'>ibi</span> <span class='ocrx_word' id='word_1_41' title='bbox 2274 451 2445 491; x_wconf 83' lang='lat' dir='ltr'>maxime</span> <span class='ocrx_word' id='word_1_42' title='bbox 2465 450 2590 491; x_wconf 78' lang='lat' dir='ltr'>offen-</span> 
     </span>
     <span class='ocr_line' id='line_1_5' title="bbox 237 518 2590 573; baseline -0.001 -11"><span class='ocrx_word' id='word_1_43' title='bbox 237 522 347 562; x_wconf 81' lang='lat' dir='ltr'>ditur</span> <span class='ocrx_word' id='word_1_44' title='bbox 366 534 433 571; x_wconf 92' lang='lat' dir='ltr'>eo,</span> <span class='ocrx_word' id='word_1_45' title='bbox 465 521 573 573; x_wconf 91' lang='lat' dir='ltr'>quod</span> <span class='ocrx_word' id='word_1_46' title='bbox 601 533 761 562; x_wconf 89' lang='lat' dir='ltr'>carmen</span> <span class='ocrx_word' id='word_1_47' title='bbox 784 522 888 562; x_wconf 89' lang='lat' dir='ltr'>alias</span> <span class='ocrx_word' id='word_1_48' title='bbox 909 535 987 562; x_wconf 91' lang='lat' dir='ltr'>non</span> <span class='ocrx_word' id='word_1_49' title='bbox 1009 522 1218 563; x_wconf 88' lang='lat' dir='ltr'>laudatum</span> <span class='ocrx_word' id='word_1_50' title='bbox 1236 522 1482 573; x_wconf 88' lang='lat' dir='ltr'>inveniatur,</span> <span class='ocrx_word' id='word_1_51' title='bbox 1510 523 1578 564; x_wconf 93' lang='lat' dir='ltr'>hic</span> <span class='ocrx_word' id='word_1_52' title='bbox 1603 523 1704 564; x_wconf 87' lang='lat' dir='ltr'>nihil</span> <span class='ocrx_word' id='word_1_53' title='bbox 1732 524 1816 563; x_wconf 82' lang='lat' dir='ltr'>fere</span> <span class='ocrx_word' id='word_1_54' title='bbox 1842 521 2035 568; x_wconf 77' lang='lat' dir='ltr'>momenti</span> <span class='ocrx_word' id='word_1_55' title='bbox 2056 520 2252 561; x_wconf 87' lang='lat' dir='ltr'>mentioni</span> <span class='ocrx_word' id='word_1_56' title='bbox 2282 519 2411 560; x_wconf 73' lang='lat' dir='ltr'>factae</span> <span class='ocrx_word' id='word_1_57' title='bbox 2437 518 2590 568; x_wconf 77' lang='lat' dir='ltr'>tribuit,</span> 
     </span>
     <span class='ocr_line' id='line_1_6' title="bbox 237 587 2591 645; baseline -0.001 -14"><span class='ocrx_word' id='word_1_58' title='bbox 237 593 411 643; x_wconf 85' lang='lat' dir='ltr'>quatuor</span> <span class='ocrx_word' id='word_1_59' title='bbox 431 602 590 639; x_wconf 86' lang='lat' dir='ltr'>versus,</span> <span class='ocrx_word' id='word_1_60' title='bbox 612 591 760 643; x_wconf 89' lang='lat' dir='ltr'>quibus</span> <span class='ocrx_word' id='word_1_61' title='bbox 781 590 945 632; x_wconf 87' lang='lat' dir='ltr'>omissis</span> <span class='ocrx_word' id='word_1_62' title='bbox 968 591 1257 632; x_wconf 87' lang='lat' dir='ltr'>sententiarum</span> <span class='ocrx_word' id='word_1_63' title='bbox 1279 602 1481 633; x_wconf 90' lang='lat' dir='ltr'>connexus</span> <span class='ocrx_word' id='word_1_64' title='bbox 1503 604 1582 632; x_wconf 88' lang='lat' dir='ltr'>non</span> <span class='ocrx_word' id='word_1_65' title='bbox 1609 592 1879 645; x_wconf 82' lang='lat' dir='ltr'>perturbetur,</span> <span class='ocrx_word' id='word_1_66' title='bbox 1900 601 2150 644; x_wconf 82' lang='lat' dir='ltr'>expungens.</span> <span class='ocrx_word' id='word_1_67' title='bbox 2184 587 2287 630; x_wconf 82' lang='lat' dir='ltr'>Nam</span> <span class='ocrx_word' id='word_1_68' title='bbox 2311 600 2414 641; x_wconf 79' lang='lat' dir='ltr'>quae</span> <span class='ocrx_word' id='word_1_69' title='bbox 2429 592 2591 641; x_wconf 87' lang='lat' dir='ltr'>praeter</span> 
     </span>
     <span class='ocr_line' id='line_1_7' title="bbox 237 656 2590 714; baseline -0.001 -13"><span class='ocrx_word' id='word_1_70' title='bbox 237 660 343 701; x_wconf 86' lang='lat' dir='ltr'>hanc</span> <span class='ocrx_word' id='word_1_71' title='bbox 363 659 513 700; x_wconf 87' lang='lat' dir='ltr'>allatae</span> <span class='ocrx_word' id='word_1_72' title='bbox 535 663 630 701; x_wconf 88' lang='lat' dir='ltr'>sunt</span> <span class='ocrx_word' id='word_1_73' title='bbox 652 671 810 710; x_wconf 91' lang='lat' dir='ltr'>causae,</span> <span class='ocrx_word' id='word_1_74' title='bbox 833 660 980 712; x_wconf 90' lang='lat' dir='ltr'>quibus</span> <span class='ocrx_word' id='word_1_75' title='bbox 1002 671 1073 701; x_wconf 90' lang='lat' dir='ltr'>eos</span> <span class='ocrx_word' id='word_1_76' title='bbox 1096 671 1240 702; x_wconf 87' lang='lat' dir='ltr'>versus</span> <span class='ocrx_word' id='word_1_77' title='bbox 1262 661 1424 714; x_wconf 88' lang='lat' dir='ltr'>spurios</span> <span class='ocrx_word' id='word_1_78' title='bbox 1444 673 1537 703; x_wconf 86' lang='lat' dir='ltr'>esse</span> <span class='ocrx_word' id='word_1_79' title='bbox 1553 660 1816 710; x_wconf 81' lang='lat' dir='ltr'>demonstret,</span> <span class='ocrx_word' id='word_1_80' title='bbox 1836 660 1888 702; x_wconf 89' lang='lat' dir='ltr'>iis</span> <span class='ocrx_word' id='word_1_81' title='bbox 1909 672 2032 713; x_wconf 90' lang='lat' dir='ltr'>quum</span> <span class='ocrx_word' id='word_1_82' title='bbox 2047 657 2160 700; x_wconf 84' lang='lat' dir='ltr'>nulla</span> <span class='ocrx_word' id='word_1_83' title='bbox 2173 657 2313 699; x_wconf 82' lang='lat' dir='ltr'>aliare</span> <span class='ocrx_word' id='word_1_84' title='bbox 2327 656 2408 698; x_wconf 90' lang='lat' dir='ltr'>nisi</span> <span class='ocrx_word' id='word_1_85' title='bbox 2423 656 2590 711; x_wconf 83' lang='lat' dir='ltr'>quibus·</span> 
     </span>
     <span class='ocr_line' id='line_1_8' title="bbox 236 725 2588 781; baseline -0.001 -13"><span class='ocrx_word' id='word_1_86' title='bbox 236 728 344 776; x_wconf 88' lang='lat' dir='ltr'>dam,</span> <span class='ocrx_word' id='word_1_87' title='bbox 366 740 469 780; x_wconf 89' lang='lat' dir='ltr'>quas</span> <span class='ocrx_word' id='word_1_88' title='bbox 485 729 535 768; x_wconf 91' lang='lat' dir='ltr'>de</span> <span class='ocrx_word' id='word_1_89' title='bbox 551 729 710 780; x_wconf 83' lang='lat' dir='ltr'>pulchri</span> <span class='ocrx_word' id='word_1_90' title='bbox 726 732 872 768; x_wconf 88' lang='lat' dir='ltr'>natura</span> <span class='ocrx_word' id='word_1_91' title='bbox 892 730 1090 781; x_wconf 85' lang='lat' dir='ltr'>concepit,</span> <span class='ocrx_word' id='word_1_92' title='bbox 1112 730 1303 777; x_wconf 87' lang='lat' dir='ltr'>nitantur,</span> <span class='ocrx_word' id='word_1_93' title='bbox 1324 730 1599 781; x_wconf 79' lang='lat' dir='ltr'>opinionibus,</span> <span class='ocrx_word' id='word_1_94' title='bbox 1621 742 1700 769; x_wconf 91' lang='lat' dir='ltr'>non</span> <span class='ocrx_word' id='word_1_95' title='bbox 1717 729 1834 770; x_wconf 80' lang='lat' dir='ltr'>facile</span> <span class='ocrx_word' id='word_1_96' title='bbox 1851 729 2037 781; x_wconf 84' lang='lat' dir='ltr'>cuiquam</span> <span class='ocrx_word' id='word_1_97' title='bbox 2052 727 2298 781; x_wconf 82' lang='lat' dir='ltr'>persuadere</span> <span class='ocrx_word' id='word_1_98' title='bbox 2314 726 2476 779; x_wconf 83' lang='lat' dir='ltr'>poterit.</span> <span class='ocrx_word' id='word_1_99' title='bbox 2507 725 2588 766; x_wconf 84' lang='lat' dir='ltr'>Ita·</span> 
     </span>
     <span class='ocr_line' id='line_1_9' title="bbox 236 793 2588 852; baseline -0.001 -14"><span class='ocrx_word' id='word_1_100' title='bbox 236 810 313 850; x_wconf 91' lang='lat' dir='ltr'>que</span> <span class='ocrx_word' id='word_1_101' title='bbox 335 798 443 849; x_wconf 92' lang='lat' dir='ltr'>quod</span> <span class='ocrx_word' id='word_1_102' title='bbox 466 798 555 850; x_wconf 88' lang='lat' dir='ltr'>ipse</span> <span class='ocrx_word' id='word_1_103' title='bbox 578 798 657 838; x_wconf 91' lang='lat' dir='ltr'>sibi</span> <span class='ocrx_word' id='word_1_104' title='bbox 679 798 883 838; x_wconf 80' lang='lat' dir='ltr'>concessit</span> <span class='ocrx_word' id='word_1_105' title='bbox 903 796 1133 850; x_wconf 89' lang='lat' dir='ltr'>Gruppius,</span> <span class='ocrx_word' id='word_1_106' title='bbox 1155 798 1340 838; x_wconf 87' lang='lat' dir='ltr'>idetiam</span> <span class='ocrx_word' id='word_1_107' title='bbox 1361 798 1481 839; x_wconf 85' lang='lat' dir='ltr'>nobis</span> <span class='ocrx_word' id='word_1_108' title='bbox 1502 799 1713 840; x_wconf 82' lang='lat' dir='ltr'>concedet:</span> <span class='ocrx_word' id='word_1_109' title='bbox 1737 799 1803 840; x_wconf 85' lang='lat' dir='ltr'>hic</span> <span class='ocrx_word' id='word_1_110' title='bbox 1824 811 1967 852; x_wconf 90' lang='lat' dir='ltr'>parum</span> <span class='ocrx_word' id='word_1_111' title='bbox 1987 799 2204 845; x_wconf 85' lang='lat' dir='ltr'>interesse,</span> <span class='ocrx_word' id='word_1_112' title='bbox 2237 807 2397 836; x_wconf 84' lang='lat' dir='ltr'>carmen</span> <span class='ocrx_word' id='word_1_113' title='bbox 2425 793 2588 847; x_wconf 80' lang='lat' dir='ltr'>aliquod</span> 
     </span>
     <span class='ocr_line' id='line_1_10' title="bbox 234 867 1870 919; baseline 0.001 -13"><span class='ocrx_word' id='word_1_114' title='bbox 234 870 368 907; x_wconf 87' lang='lat' dir='ltr'>utrum</span> <span class='ocrx_word' id='word_1_115' title='bbox 388 867 441 907; x_wconf 73' lang='lat' dir='ltr'>ab</span> <span class='ocrx_word' id='word_1_116' title='bbox 462 871 625 907; x_wconf 89' lang='lat' dir='ltr'>auctore</span> <span class='ocrx_word' id='word_1_117' title='bbox 647 867 769 907; x_wconf 84' lang='lat' dir='ltr'>etiam</span> <span class='ocrx_word' id='word_1_118' title='bbox 789 867 869 907; x_wconf 87' lang='lat' dir='ltr'>alio</span> <span class='ocrx_word' id='word_1_119' title='bbox 891 879 1060 919; x_wconf 87' lang='lat' dir='ltr'>operum</span> <span class='ocrx_word' id='word_1_120' title='bbox 1082 879 1246 907; x_wconf 88' lang='lat' dir='ltr'>suorum</span> <span class='ocrx_word' id='word_1_121' title='bbox 1267 868 1357 908; x_wconf 91' lang='lat' dir='ltr'>loco</span> <span class='ocrx_word' id='word_1_122' title='bbox 1379 872 1712 909; x_wconf 85' lang='lat' dir='ltr'>commemoretur</span> <span class='ocrx_word' id='word_1_123' title='bbox 1733 880 1870 909; x_wconf 89' lang='lat' dir='ltr'>necne.</span> 
     </span>
    </p>

    <p class='ocr_par' dir='ltr' id='par_1_3' title="bbox 230 932 2587 1610">
     <span class='ocr_line' id='line_1_11' title="bbox 353 932 2587 988; baseline -0.001 -14"><span class='ocrx_word' id='word_1_124' title='bbox 353 934 407 974; x_wconf 88' lang='lat' dir='ltr'>Ut</span> <span class='ocrx_word' id='word_1_125' title='bbox 428 935 574 975; x_wconf 91' lang='lat' dir='ltr'>deinde</span> <span class='ocrx_word' id='word_1_126' title='bbox 595 935 766 975; x_wconf 90' lang='lat' dir='ltr'>alterum</span> <span class='ocrx_word' id='word_1_127' title='bbox 787 935 837 976; x_wconf 92' lang='lat' dir='ltr'>de</span> <span class='ocrx_word' id='word_1_128' title='bbox 857 939 1062 988; x_wconf 89' lang='lat' dir='ltr'>tempore,</span> <span class='ocrx_word' id='word_1_129' title='bbox 1090 947 1170 987; x_wconf 92' lang='lat' dir='ltr'>quo</span> <span class='ocrx_word' id='word_1_130' title='bbox 1192 937 1380 988; x_wconf 89' lang='lat' dir='ltr'>componi</span> <span class='ocrx_word' id='word_1_131' title='bbox 1401 937 1579 987; x_wconf 88' lang='lat' dir='ltr'>potuerit</span> <span class='ocrx_word' id='word_1_132' title='bbox 1598 939 1744 988; x_wconf 77' lang='lat' dir='ltr'>poema</span> <span class='ocrx_word' id='word_1_133' title='bbox 1764 937 1816 977; x_wconf 92' lang='lat' dir='ltr'>ab</span> <span class='ocrx_word' id='word_1_134' title='bbox 1838 935 2006 986; x_wconf 88' lang='lat' dir='ltr'>Ovidio‚</span> <span class='ocrx_word' id='word_1_135' title='bbox 2033 937 2314 987; x_wconf 77' lang='lat' dir='ltr'>argumentum</span> <span class='ocrx_word' id='word_1_136' title='bbox 2335 932 2472 974; x_wconf 83' lang='lat' dir='ltr'>statim</span> <span class='ocrx_word' id='word_1_137' title='bbox 2494 945 2587 973; x_wconf 91' lang='lat' dir='ltr'>con-</span> 
     </span>
     <span class='ocr_line' id='line_1_12' title="bbox 233 1001 2587 1058; baseline -0.001 -15"><span class='ocrx_word' id='word_1_138' title='bbox 233 1003 480 1052; x_wconf 90' lang='lat' dir='ltr'>sideremus,</span> <span class='ocrx_word' id='word_1_139' title='bbox 511 1004 615 1044; x_wconf 87' lang='lat' dir='ltr'>inter</span> <span class='ocrx_word' id='word_1_140' title='bbox 636 1015 798 1053; x_wconf 89' lang='lat' dir='ltr'>omnes,</span> <span class='ocrx_word' id='word_1_141' title='bbox 831 1016 989 1044; x_wconf 89' lang='lat' dir='ltr'>carmen</span> <span class='ocrx_word' id='word_1_142' title='bbox 1012 1004 1062 1044; x_wconf 92' lang='lat' dir='ltr'>de</span> <span class='ocrx_word' id='word_1_143' title='bbox 1083 1005 1183 1044; x_wconf 87' lang='lat' dir='ltr'>Arte</span> <span class='ocrx_word' id='word_1_144' title='bbox 1204 1005 1402 1046; x_wconf 85' lang='lat' dir='ltr'>amatoria</span> <span class='ocrx_word' id='word_1_145' title='bbox 1432 1017 1538 1046; x_wconf 91' lang='lat' dir='ltr'>anno</span> <span class='ocrx_word' id='word_1_146' title='bbox 1565 1005 1649 1046; x_wconf 82' lang='lat' dir='ltr'>fere</span> <span class='ocrx_word' id='word_1_147' title='bbox 1669 1003 2032 1058; x_wconf 82' lang='lat' dir='ltr'>septingentesimo</span> <span class='ocrx_word' id='word_1_148' title='bbox 2055 1002 2389 1056; x_wconf 88' lang='lat' dir='ltr'>quinquagesimo</span> <span class='ocrx_word' id='word_1_149' title='bbox 2410 1001 2587 1042; x_wconf 85' lang='lat' dir='ltr'>secundo</span> 
     </span>
     <span class='ocr_line' id='line_1_13' title="bbox 232 1065 2586 1124; baseline -0.001 -12"><span class='ocrx_word' id='word_1_150' title='bbox 232 1085 270 1112; x_wconf 91' lang='lat' dir='ltr'>a.</span> <span class='ocrx_word' id='word_1_151' title='bbox 292 1086 332 1112; x_wconf 86' lang='lat' dir='ltr'>u.</span> <span class='ocrx_word' id='word_1_152' title='bbox 355 1085 389 1112; x_wconf 89' lang='lat' dir='ltr'>c.</span> <span class='ocrx_word' id='word_1_153' title='bbox 419 1073 645 1113; x_wconf 85' lang='lat' dir='ltr'>confectum</span> <span class='ocrx_word' id='word_1_154' title='bbox 670 1084 762 1113; x_wconf 90' lang='lat' dir='ltr'>esse</span> <span class='ocrx_word' id='word_1_155' title='bbox 786 1077 958 1113; x_wconf 87' lang='lat' dir='ltr'>constat.</span> <span class='ocrx_word' id='word_1_156' title='bbox 1006 1072 1137 1123; x_wconf 89' lang='lat' dir='ltr'>Quum</span> <span class='ocrx_word' id='word_1_157' title='bbox 1166 1077 1300 1113; x_wconf 88' lang='lat' dir='ltr'>autem</span> <span class='ocrx_word' id='word_1_158' title='bbox 1322 1086 1344 1114; x_wconf 91' lang='lat' dir='ltr'>e</span> <span class='ocrx_word' id='word_1_159' title='bbox 1366 1086 1426 1114; x_wconf 90' lang='lat' dir='ltr'>vs.</span> <span class='ocrx_word' id='word_1_160' title='bbox 1448 1076 1512 1114; x_wconf 81' lang='lat'>12.</span> <span class='ocrx_word' id='word_1_161' title='bbox 1537 1077 1604 1114; x_wconf 86' lang='lat'>43.</span> <span class='ocrx_word' id='word_1_162' title='bbox 1630 1076 1697 1114; x_wconf 85' lang='lat'>71.</span> <span class='ocrx_word' id='word_1_163' title='bbox 1719 1065 1771 1113; x_wconf 84' lang='lat' dir='ltr'>al.</span> <span class='ocrx_word' id='word_1_164' title='bbox 1790 1073 1984 1114; x_wconf 87' lang='lat' dir='ltr'>Remedia</span> <span class='ocrx_word' id='word_1_165' title='bbox 2003 1073 2166 1123; x_wconf 78' lang='lat' dir='ltr'>Amoris</span> <span class='ocrx_word' id='word_1_166' title='bbox 2188 1076 2284 1124; x_wconf 90' lang='lat' dir='ltr'>post</span> <span class='ocrx_word' id='word_1_167' title='bbox 2304 1071 2401 1111; x_wconf 85' lang='lat' dir='ltr'>illud</span> <span class='ocrx_word' id='word_1_168' title='bbox 2423 1082 2586 1123; x_wconf 88' lang='lat' dir='ltr'>compo·</span> 
     </span>
     <span class='ocr_line' id='line_1_14' title="bbox 233 1139 2586 1196; baseline -0.001 -14"><span class='ocrx_word' id='word_1_169' title='bbox 233 1141 316 1182; x_wconf 83' lang='lat' dir='ltr'>sita</span> <span class='ocrx_word' id='word_1_170' title='bbox 334 1152 427 1182; x_wconf 89' lang='lat' dir='ltr'>esse</span> <span class='ocrx_word' id='word_1_171' title='bbox 447 1141 679 1189; x_wconf 87' lang='lat' dir='ltr'>videantur,</span> <span class='ocrx_word' id='word_1_172' title='bbox 701 1152 749 1182; x_wconf 87' lang='lat' dir='ltr'>ex</span> <span class='ocrx_word' id='word_1_173' title='bbox 770 1140 864 1195; x_wconf 87' lang='lat' dir='ltr'>ipsa</span> <span class='ocrx_word' id='word_1_174' title='bbox 883 1153 1022 1182; x_wconf 91' lang='lat' dir='ltr'>eorum</span> <span class='ocrx_word' id='word_1_175' title='bbox 1043 1141 1200 1191; x_wconf 88' lang='lat' dir='ltr'>indole,</span> <span class='ocrx_word' id='word_1_176' title='bbox 1222 1155 1271 1183; x_wconf 91' lang='lat' dir='ltr'>ea</span> <span class='ocrx_word' id='word_1_177' title='bbox 1291 1143 1425 1196; x_wconf 88' lang='lat' dir='ltr'>paullo</span> <span class='ocrx_word' id='word_1_178' title='bbox 1447 1147 1544 1196; x_wconf 90' lang='lat' dir='ltr'>post</span> <span class='ocrx_word' id='word_1_179' title='bbox 1563 1143 1673 1183; x_wconf 87' lang='lat' dir='ltr'>edita</span> <span class='ocrx_word' id='word_1_180' title='bbox 1693 1154 1785 1183; x_wconf 86' lang='lat' dir='ltr'>esse</span> <span class='ocrx_word' id='word_1_181' title='bbox 1806 1153 2048 1195; x_wconf 88' lang='lat' dir='ltr'>persuasum</span> <span class='ocrx_word' id='word_1_182' title='bbox 2067 1141 2285 1189; x_wconf 84' lang='lat' dir='ltr'>habemus3</span> <span class='ocrx_word' id='word_1_183' title='bbox 2309 1142 2455 1193; x_wconf 82' lang='lat' dir='ltr'>postea</span> <span class='ocrx_word' id='word_1_184' title='bbox 2481 1139 2586 1185; x_wconf 82' lang='lat' dir='ltr'>enim</span> 
     </span>
     <span class='ocr_line' id='line_1_15' title="bbox 233 1208 2587 1266; baseline -0.001 -15"><span class='ocrx_word' id='word_1_185' title='bbox 233 1211 400 1252; x_wconf 88' lang='lat' dir='ltr'>serioris</span> <span class='ocrx_word' id='word_1_186' title='bbox 435 1211 662 1262; x_wconf 86' lang='lat' dir='ltr'>argumenti</span> <span class='ocrx_word' id='word_1_187' title='bbox 698 1211 899 1266; x_wconf 71' lang='lat' dir='ltr'>poematis</span> <span class='ocrx_word' id='word_1_188' title='bbox 935 1222 1101 1263; x_wconf 89' lang='lat' dir='ltr'>operam</span> <span class='ocrx_word' id='word_1_189' title='bbox 1138 1211 1257 1252; x_wconf 51' lang='lat' dir='ltr'>dedit*</span> <span class='ocrx_word' id='word_1_190' title='bbox 1284 1212 1472 1261; x_wconf 88' lang='lat' dir='ltr'>Ovidius,</span> <span class='ocrx_word' id='word_1_191' title='bbox 1508 1212 1890 1264; x_wconf 80' lang='lat' dir='ltr'>metamorphoseon</span> <span class='ocrx_word' id='word_1_192' title='bbox 1916 1211 2033 1252; x_wconf 89' lang='lat' dir='ltr'>libris</span> <span class='ocrx_word' id='word_1_193' title='bbox 2067 1214 2108 1251; x_wconf 87' lang='lat' dir='ltr'>et</span> <span class='ocrx_word' id='word_1_194' title='bbox 2141 1210 2278 1257; x_wconf 70' lang='lat' dir='ltr'>fastis,</span> <span class='ocrx_word' id='word_1_195' title='bbox 2313 1221 2415 1260; x_wconf 90' lang='lat' dir='ltr'>quos</span> <span class='ocrx_word' id='word_1_196' title='bbox 2445 1208 2587 1250; x_wconf 86' lang='lat' dir='ltr'>eodem</span> 
     </span>
     <span class='ocr_line' id='line_1_16' title="bbox 231 1278 2584 1334; baseline -0.001 -14"><span class='ocrx_word' id='word_1_197' title='bbox 231 1292 353 1330; x_wconf 89' lang='lat' dir='ltr'>anno,</span> <span class='ocrx_word' id='word_1_198' title='bbox 375 1292 454 1332; x_wconf 90' lang='lat' dir='ltr'>quo</span> <span class='ocrx_word' id='word_1_199' title='bbox 476 1280 517 1321; x_wconf 88' lang='lat' dir='ltr'>in</span> <span class='ocrx_word' id='word_1_200' title='bbox 539 1280 725 1322; x_wconf 83' lang='lat' dir='ltr'>exsilium</span> <span class='ocrx_word' id='word_1_201' title='bbox 746 1280 898 1321; x_wconf 88' lang='lat' dir='ltr'>missus</span> <span class='ocrx_word' id='word_1_202' title='bbox 915 1285 997 1329; x_wconf 90' lang='lat' dir='ltr'>est,</span> <span class='ocrx_word' id='word_1_203' title='bbox 1014 1282 1100 1334; x_wconf 89' lang='lat' dir='ltr'>jam</span> <span class='ocrx_word' id='word_1_204' title='bbox 1122 1281 1162 1321; x_wconf 90' lang='lat' dir='ltr'>in</span> <span class='ocrx_word' id='word_1_205' title='bbox 1184 1293 1272 1322; x_wconf 91' lang='lat' dir='ltr'>eam</span> <span class='ocrx_word' id='word_1_206' title='bbox 1293 1282 1390 1330; x_wconf 85' lang='lat' dir='ltr'>fere,</span> <span class='ocrx_word' id='word_1_207' title='bbox 1412 1294 1531 1333; x_wconf 86' lang='lat' dir='ltr'>quam</span> <span class='ocrx_word' id='word_1_208' title='bbox 1553 1293 1657 1322; x_wconf 91' lang='lat' dir='ltr'>nunc</span> <span class='ocrx_word' id='word_1_209' title='bbox 1679 1282 1889 1334; x_wconf 86' lang='lat' dir='ltr'>praebent,</span> <span class='ocrx_word' id='word_1_210' title='bbox 1907 1281 2077 1326; x_wconf 68' lang='lat' dir='ltr'>‚formam</span> <span class='ocrx_word' id='word_1_211' title='bbox 2100 1279 2250 1320; x_wconf 87' lang='lat' dir='ltr'>scimus</span> <span class='ocrx_word' id='word_1_212' title='bbox 2271 1278 2459 1319; x_wconf 88' lang='lat' dir='ltr'>redactos</span> <span class='ocrx_word' id='word_1_213' title='bbox 2480 1290 2584 1319; x_wconf 89' lang='lat' dir='ltr'>esse.</span> 
     </span>
     <span class='ocr_line' id='line_1_17' title="bbox 230 1349 2586 1404; baseline -0.001 -14"><span class='ocrx_word' id='word_1_214' title='bbox 230 1351 287 1390; x_wconf 86' lang='lat' dir='ltr'>At</span> <span class='ocrx_word' id='word_1_215' title='bbox 307 1349 518 1404; x_wconf 88' lang='lat' dir='ltr'>Gruppius</span> <span class='ocrx_word' id='word_1_216' title='bbox 539 1351 580 1391; x_wconf 90' lang='lat' dir='ltr'>in</span> <span class='ocrx_word' id='word_1_217' title='bbox 601 1351 714 1391; x_wconf 87' lang='lat' dir='ltr'>Rem.</span> <span class='ocrx_word' id='word_1_218' title='bbox 738 1351 828 1390; x_wconf 87' lang='lat' dir='ltr'>Am.</span> <span class='ocrx_word' id='word_1_219' title='bbox 845 1351 932 1404; x_wconf 89' lang='lat' dir='ltr'>jam</span> <span class='ocrx_word' id='word_1_220' title='bbox 956 1351 1135 1391; x_wconf 88' lang='lat' dir='ltr'>criminis</span> <span class='ocrx_word' id='word_1_221' title='bbox 1157 1351 1287 1400; x_wconf 89' lang='lat' dir='ltr'>illius,</span> <span class='ocrx_word' id='word_1_222' title='bbox 1319 1357 1487 1403; x_wconf 87' lang='lat' dir='ltr'>propter</span> <span class='ocrx_word' id='word_1_223' title='bbox 1514 1352 1620 1403; x_wconf 92' lang='lat' dir='ltr'>quod</span> <span class='ocrx_word' id='word_1_224' title='bbox 1644 1363 1776 1404; x_wconf 88' lang='lat' dir='ltr'>poena</span> <span class='ocrx_word' id='word_1_225' title='bbox 1796 1351 2023 1392; x_wconf 87' lang='lat' dir='ltr'>miserrima</span> <span class='ocrx_word' id='word_1_226' title='bbox 2046 1349 2215 1390; x_wconf 81' lang='lat' dir='ltr'>affectus</span> <span class='ocrx_word' id='word_1_227' title='bbox 2236 1350 2291 1391; x_wconf 88' lang='lat' dir='ltr'>sit</span> <span class='ocrx_word' id='word_1_228' title='bbox 2311 1352 2452 1402; x_wconf 69' lang='lat' dir='ltr'>poeta,</span> <span class='ocrx_word' id='word_1_229' title='bbox 2477 1361 2586 1389; x_wconf 89' lang='lat' dir='ltr'>men·</span> 
     </span>
     <span class='ocr_line' id='line_1_18' title="bbox 230 1418 2585 1473; baseline -0 -14"><span class='ocrx_word' id='word_1_230' title='bbox 230 1419 382 1460; x_wconf 89' lang='lat' dir='ltr'>tionem</span> <span class='ocrx_word' id='word_1_231' title='bbox 402 1419 490 1460; x_wconf 88' lang='lat' dir='ltr'>fieri</span> <span class='ocrx_word' id='word_1_232' title='bbox 511 1420 729 1460; x_wconf 80' lang='lat' dir='ltr'>contendit.</span> <span class='ocrx_word' id='word_1_233' title='bbox 775 1420 828 1460; x_wconf 90' lang='lat' dir='ltr'>Et</span> <span class='ocrx_word' id='word_1_234' title='bbox 847 1432 945 1460; x_wconf 91' lang='lat' dir='ltr'>sane</span> <span class='ocrx_word' id='word_1_235' title='bbox 967 1419 1129 1471; x_wconf 88' lang='lat' dir='ltr'>quidem</span> <span class='ocrx_word' id='word_1_236' title='bbox 1150 1426 1244 1459; x_wconf 86' lang='lat' dir='ltr'>tunc</span> <span class='ocrx_word' id='word_1_237' title='bbox 1261 1424 1442 1473; x_wconf 89' lang='lat' dir='ltr'>tempus,</span> <span class='ocrx_word' id='word_1_238' title='bbox 1470 1434 1548 1472; x_wconf 91' lang='lat' dir='ltr'>quo</span> <span class='ocrx_word' id='word_1_239' title='bbox 1570 1421 1846 1472; x_wconf 85' lang='lat' dir='ltr'>conscriptum</span> <span class='ocrx_word' id='word_1_240' title='bbox 1863 1419 1919 1461; x_wconf 87' lang='lat' dir='ltr'>sit</span> <span class='ocrx_word' id='word_1_241' title='bbox 1936 1419 2014 1460; x_wconf 87' lang='lat' dir='ltr'>hoc</span> <span class='ocrx_word' id='word_1_242' title='bbox 2035 1431 2218 1466; x_wconf 89' lang='lat' dir='ltr'>carmen,</span> <span class='ocrx_word' id='word_1_243' title='bbox 2235 1419 2360 1459; x_wconf 86' lang='lat' dir='ltr'>multo</span> <span class='ocrx_word' id='word_1_244' title='bbox 2382 1418 2585 1470; x_wconf 87' lang='lat' dir='ltr'>posterius</span> 
     </span>
     <span class='ocr_line' id='line_1_19' title="bbox 231 1486 2583 1543; baseline -0.001 -15"><span class='ocrx_word' id='word_1_245' title='bbox 231 1488 492 1530; x_wconf 89' lang='lat' dir='ltr'>statuendum</span> <span class='ocrx_word' id='word_1_246' title='bbox 513 1493 634 1530; x_wconf 88' lang='lat' dir='ltr'>esset.</span> <span class='ocrx_word' id='word_1_247' title='bbox 681 1487 761 1529; x_wconf 91' lang='lat' dir='ltr'>Sed</span> <span class='ocrx_word' id='word_1_248' title='bbox 783 1487 906 1540; x_wconf 83' lang='lat' dir='ltr'>quid?</span> <span class='ocrx_word' id='word_1_249' title='bbox 954 1486 1044 1528; x_wconf 86' lang='lat' dir='ltr'>Non</span> <span class='ocrx_word' id='word_1_250' title='bbox 1079 1487 1197 1529; x_wconf 82' lang='lat' dir='ltr'>affert</span> <span class='ocrx_word' id='word_1_251' title='bbox 1232 1488 1292 1543; x_wconf 72' lang='lat' dir='ltr'>vir</span> <span class='ocrx_word' id='word_1_252' title='bbox 1328 1488 1590 1530; x_wconf 89' lang='lat' dir='ltr'>doctissimus</span> <span class='ocrx_word' id='word_1_253' title='bbox 1610 1489 1762 1538; x_wconf 91' lang='lat' dir='ltr'>locum,</span> <span class='ocrx_word' id='word_1_254' title='bbox 1799 1500 1877 1541; x_wconf 91' lang='lat' dir='ltr'>quo</span> <span class='ocrx_word' id='word_1_255' title='bbox 1907 1488 2016 1529; x_wconf 86' lang='lat' dir='ltr'>illius</span> <span class='ocrx_word' id='word_1_256' title='bbox 2044 1487 2221 1529; x_wconf 90' lang='lat' dir='ltr'>criminis</span> <span class='ocrx_word' id='word_1_257' title='bbox 2249 1486 2352 1528; x_wconf 89' lang='lat' dir='ltr'>ratio</span> <span class='ocrx_word' id='word_1_258' title='bbox 2375 1486 2583 1527; x_wconf 86' lang='lat' dir='ltr'>habeatur.</span> 
     </span>
     <span class='ocr_line' id='line_1_20' title="bbox 230 1556 2403 1610; baseline -0 -14"><span class='ocrx_word' id='word_1_259' title='bbox 230 1556 360 1598; x_wconf 87' lang='lat' dir='ltr'>Nobis</span> <span class='ocrx_word' id='word_1_260' title='bbox 379 1557 518 1608; x_wconf 87' lang='lat' dir='ltr'>igitur,</span> <span class='ocrx_word' id='word_1_261' title='bbox 538 1557 574 1597; x_wconf 89' lang='lat' dir='ltr'>si</span> <span class='ocrx_word' id='word_1_262' title='bbox 595 1556 780 1609; x_wconf 85' lang='lat' dir='ltr'>singulos</span> <span class='ocrx_word' id='word_1_263' title='bbox 801 1556 991 1596; x_wconf 88' lang='lat' dir='ltr'>carminis</span> <span class='ocrx_word' id='word_1_264' title='bbox 1012 1568 1300 1609; x_wconf 90' lang='lat' dir='ltr'>percensemus</span> <span class='ocrx_word' id='word_1_265' title='bbox 1325 1569 1487 1604; x_wconf 87' lang='lat' dir='ltr'>versus,</span> <span class='ocrx_word' id='word_1_266' title='bbox 1509 1558 1550 1597; x_wconf 91' lang='lat' dir='ltr'>hi</span> <span class='ocrx_word' id='word_1_267' title='bbox 1572 1558 1649 1598; x_wconf 90' lang='lat' dir='ltr'>soli</span> <span class='ocrx_word' id='word_1_268' title='bbox 1668 1557 1855 1598; x_wconf 90' lang='lat' dir='ltr'>videntur</span> <span class='ocrx_word' id='word_1_269' title='bbox 1875 1558 1926 1597; x_wconf 92' lang='lat' dir='ltr'>ab</span> <span class='ocrx_word' id='word_1_270' title='bbox 1949 1569 1996 1597; x_wconf 92' lang='lat' dir='ltr'>eo</span> <span class='ocrx_word' id='word_1_271' title='bbox 2018 1568 2143 1610; x_wconf 88' lang='lat' dir='ltr'>posse</span> <span class='ocrx_word' id='word_1_272' title='bbox 2164 1556 2403 1608; x_wconf 74' lang='lat' dir='ltr'>significarit</span> 
     </span>
    </p>

    <p class='ocr_par' dir='ltr' id='par_1_4' title="bbox 223 1624 2577 2713">
     <span class='ocr_line' id='line_1_21' title="bbox 611 1624 1897 1684; baseline 0.001 -18"><span class='ocrx_word' id='word_1_273' title='bbox 611 1626 711 1676; x_wconf 84' lang='lat'><strong>(361</strong></span> <span class='ocrx_word' id='word_1_274' title='bbox 734 1625 816 1677; x_wconf 90' lang='lat' dir='ltr'>sq.)</span> <span class='ocrx_word' id='word_1_275' title='bbox 848 1624 988 1678; x_wconf 90' lang='lat' dir='ltr'>Nuper</span> <span class='ocrx_word' id='word_1_276' title='bbox 1009 1626 1115 1666; x_wconf 90' lang='lat' dir='ltr'>enim</span> <span class='ocrx_word' id='word_1_277' title='bbox 1136 1630 1299 1667; x_wconf 88' lang='lat' dir='ltr'>nostros</span> <span class='ocrx_word' id='word_1_278' title='bbox 1320 1625 1481 1678; x_wconf 86' lang='lat' dir='ltr'>quidam</span> <span class='ocrx_word' id='word_1_279' title='bbox 1504 1638 1692 1679; x_wconf 85' lang='lat' dir='ltr'>carpsere</span> <span class='ocrx_word' id='word_1_280' title='bbox 1714 1626 1897 1684; x_wconf 78' lang='lat' dir='ltr'>libellos,</span> 
     </span>
     <span class='ocr_line' id='line_1_22' title="bbox 934 1693 1856 1747; baseline 0 -14"><span class='ocrx_word' id='word_1_281' title='bbox 934 1693 1112 1744; x_wconf 89' lang='lat' dir='ltr'>Quorum</span> <span class='ocrx_word' id='word_1_282' title='bbox 1133 1705 1304 1734; x_wconf 88' lang='lat' dir='ltr'>censura</span> <span class='ocrx_word' id='word_1_283' title='bbox 1326 1693 1438 1734; x_wconf 84' lang='lat' dir='ltr'>Musa</span> <span class='ocrx_word' id='word_1_284' title='bbox 1458 1698 1650 1747; x_wconf 88' lang='lat' dir='ltr'>proterva</span> <span class='ocrx_word' id='word_1_285' title='bbox 1669 1706 1760 1734; x_wconf 90' lang='lat' dir='ltr'>mea</span> <span class='ocrx_word' id='word_1_286' title='bbox 1780 1698 1856 1734; x_wconf 89' lang='lat' dir='ltr'>est.</span> 
     </span>
     <span class='ocr_line' id='line_1_23' title="bbox 844 1758 1958 1815; baseline 0 -12"><span class='ocrx_word' id='word_1_287' title='bbox 844 1763 1072 1803; x_wconf 90' lang='lat' dir='ltr'>Dummodo</span> <span class='ocrx_word' id='word_1_288' title='bbox 1094 1763 1153 1803; x_wconf 88' lang='lat' dir='ltr'>sic</span> <span class='ocrx_word' id='word_1_289' title='bbox 1174 1763 1379 1815; x_wconf 86' lang='lat' dir='ltr'>placeam,</span> <span class='ocrx_word' id='word_1_290' title='bbox 1401 1764 1492 1804; x_wconf 89' lang='lat' dir='ltr'>dum</span> <span class='ocrx_word' id='word_1_291' title='bbox 1508 1758 1600 1804; x_wconf 78' lang='lat' dir='ltr'>&#39;toto</span> <span class='ocrx_word' id='word_1_292' title='bbox 1621 1768 1758 1805; x_wconf 85' lang='lat' dir='ltr'>canter</span> <span class='ocrx_word' id='word_1_293' title='bbox 1778 1764 1818 1803; x_wconf 92' lang='lat' dir='ltr'>in</span> <span class='ocrx_word' id='word_1_294' title='bbox 1841 1764 1958 1811; x_wconf 90' lang='lat' dir='ltr'>orbe,</span> 
     </span>
     <span class='ocr_line' id='line_1_24' title="bbox 932 1830 1903 1885; baseline 0.001 -14"><span class='ocrx_word' id='word_1_295' title='bbox 932 1830 1048 1881; x_wconf 90' lang='lat' dir='ltr'>Quod</span> <span class='ocrx_word' id='word_1_296' title='bbox 1069 1831 1197 1877; x_wconf 60' lang='lat' dir='ltr'>dolet,</span> <span class='ocrx_word' id='word_1_297' title='bbox 1220 1833 1459 1884; x_wconf 86' lang='lat' dir='ltr'>impugnent</span> <span class='ocrx_word' id='word_1_298' title='bbox 1478 1845 1582 1873; x_wconf 89' lang='lat' dir='ltr'>unus</span> <span class='ocrx_word' id='word_1_299' title='bbox 1604 1836 1645 1874; x_wconf 88' lang='lat' dir='ltr'>et</span> <span class='ocrx_word' id='word_1_300' title='bbox 1663 1833 1766 1873; x_wconf 88' lang='lat' dir='ltr'>alter</span> <span class='ocrx_word' id='word_1_301' title='bbox 1786 1844 1903 1885; x_wconf 87' lang='lat' dir='ltr'>opus.</span> 
     </span>
     <span class='ocr_line' id='line_1_25' title="bbox 841 1900 1754 1951; baseline 0 -11"><span class='ocrx_word' id='word_1_302' title='bbox 841 1900 1055 1951; x_wconf 87' lang='lat' dir='ltr'>Ingenium</span> <span class='ocrx_word' id='word_1_303' title='bbox 1075 1901 1212 1951; x_wconf 89' lang='lat' dir='ltr'>magni</span> <span class='ocrx_word' id='word_1_304' title='bbox 1229 1900 1333 1940; x_wconf 89' lang='lat' dir='ltr'>livor</span> <span class='ocrx_word' id='word_1_305' title='bbox 1353 1900 1551 1941; x_wconf 78' lang='lat' dir='ltr'>detrectat</span> <span class='ocrx_word' id='word_1_306' title='bbox 1569 1901 1754 1942; x_wconf 87' lang='lat' dir='ltr'>Homeri:</span> 
     </span>
     <span class='ocr_line' id='line_1_26' title="bbox 930 1968 1874 2020; baseline 0.002 -11"><span class='ocrx_word' id='word_1_307' title='bbox 930 1968 1123 2020; x_wconf 88' lang='lat' dir='ltr'>Quisquis</span> <span class='ocrx_word' id='word_1_308' title='bbox 1145 1981 1208 2017; x_wconf 87' lang='lat' dir='ltr'>es,</span> <span class='ocrx_word' id='word_1_309' title='bbox 1233 1981 1281 2009; x_wconf 83' lang='lat' dir='ltr'>ex</span> <span class='ocrx_word' id='word_1_310' title='bbox 1300 1969 1390 2017; x_wconf 90' lang='lat' dir='ltr'>illo,</span> <span class='ocrx_word' id='word_1_311' title='bbox 1413 1969 1544 2018; x_wconf 91' lang='lat' dir='ltr'>Zoile,</span> <span class='ocrx_word' id='word_1_312' title='bbox 1567 1982 1712 2010; x_wconf 92' lang='lat' dir='ltr'>nomen</span> <span class='ocrx_word' id='word_1_313' title='bbox 1731 1971 1874 2012; x_wconf 89' lang='lat' dir='ltr'>habes.</span> 
     </span>
     <span class='ocr_line' id='line_1_27' title="bbox 843 2037 1850 2091; baseline 0.003 -14"><span class='ocrx_word' id='word_1_314' title='bbox 843 2038 894 2078; x_wconf 87' lang='lat' dir='ltr'>Et</span> <span class='ocrx_word' id='word_1_315' title='bbox 912 2042 983 2078; x_wconf 89' lang='lat' dir='ltr'>tua</span> <span class='ocrx_word' id='word_1_316' title='bbox 1003 2037 1226 2089; x_wconf 87' lang='lat' dir='ltr'>sacrilegae</span> <span class='ocrx_word' id='word_1_317' title='bbox 1247 2038 1450 2078; x_wconf 89' lang='lat' dir='ltr'>laniarunt</span> <span class='ocrx_word' id='word_1_318' title='bbox 1471 2039 1650 2079; x_wconf 88' lang='lat' dir='ltr'>carmina</span> <span class='ocrx_word' id='word_1_319' title='bbox 1669 2039 1850 2091; x_wconf 88' lang='lat' dir='ltr'>linguae,</span> 
     </span>
     <span class='ocr_line' id='line_1_28' title="bbox 929 2106 1844 2161; baseline 0.002 -15"><span class='ocrx_word' id='word_1_320' title='bbox 929 2106 1100 2147; x_wconf 87' lang='lat' dir='ltr'>Pertulit</span> <span class='ocrx_word' id='word_1_321' title='bbox 1119 2107 1197 2147; x_wconf 91' lang='lat' dir='ltr'>huc</span> <span class='ocrx_word' id='word_1_322' title='bbox 1219 2107 1348 2147; x_wconf 88' lang='lat' dir='ltr'>victos</span> <span class='ocrx_word' id='word_1_323' title='bbox 1369 2119 1447 2159; x_wconf 91' lang='lat' dir='ltr'>quo</span> <span class='ocrx_word' id='word_1_324' title='bbox 1470 2107 1570 2148; x_wconf 88' lang='lat' dir='ltr'>duce</span> <span class='ocrx_word' id='word_1_325' title='bbox 1592 2108 1712 2161; x_wconf 89' lang='lat' dir='ltr'>Troja</span> <span class='ocrx_word' id='word_1_326' title='bbox 1733 2108 1844 2148; x_wconf 89' lang='lat' dir='ltr'>deos.</span> 
     </span>
     <span class='ocr_line' id='line_1_29' title="bbox 847 2175 1844 2228; baseline 0.001 -12"><span class='ocrx_word' id='word_1_327' title='bbox 847 2176 1012 2216; x_wconf 91' lang='lat' dir='ltr'>Summa</span> <span class='ocrx_word' id='word_1_328' title='bbox 1031 2175 1134 2227; x_wconf 88' lang='lat' dir='ltr'>petit</span> <span class='ocrx_word' id='word_1_329' title='bbox 1154 2176 1272 2216; x_wconf 89' lang='lat' dir='ltr'>livor.</span> <span class='ocrx_word' id='word_1_330' title='bbox 1296 2177 1469 2228; x_wconf 85' lang='lat' dir='ltr'>perflant</span> <span class='ocrx_word' id='word_1_331' title='bbox 1488 2176 1690 2218; x_wconf 87' lang='lat' dir='ltr'>altissima</span> <span class='ocrx_word' id='word_1_332' title='bbox 1710 2178 1844 2225; x_wconf 80' lang='lat' dir='ltr'>venti;</span> 
     </span>
     <span class='ocr_line' id='line_1_30' title="bbox 928 2243 1911 2296; baseline 0.004 -13"><span class='ocrx_word' id='word_1_333' title='bbox 928 2243 1094 2284; x_wconf 89' lang='lat' dir='ltr'>Summa</span> <span class='ocrx_word' id='word_1_334' title='bbox 1114 2247 1259 2296; x_wconf 89' lang='lat' dir='ltr'>petunt</span> <span class='ocrx_word' id='word_1_335' title='bbox 1280 2245 1419 2285; x_wconf 86' lang='lat' dir='ltr'>dextra</span> <span class='ocrx_word' id='word_1_336' title='bbox 1438 2245 1611 2286; x_wconf 85' lang='lat' dir='ltr'>fulmina</span> <span class='ocrx_word' id='word_1_337' title='bbox 1634 2246 1762 2287; x_wconf 89' lang='lat' dir='ltr'>missa</span> <span class='ocrx_word' id='word_1_338' title='bbox 1781 2246 1911 2288; x_wconf 82' lang='lat' dir='ltr'>Jovis.</span> 
     </span>
     <span class='ocr_line' id='line_1_31' title="bbox 841 2312 1950 2365; baseline 0.004 -13"><span class='ocrx_word' id='word_1_339' title='bbox 841 2314 897 2353; x_wconf 82' lang='lat' dir='ltr'>At</span> <span class='ocrx_word' id='word_1_340' title='bbox 916 2317 960 2353; x_wconf 89' lang='lat' dir='ltr'>tu</span> <span class='ocrx_word' id='word_1_341' title='bbox 981 2312 1220 2364; x_wconf 89' lang='lat' dir='ltr'>quicumque</span> <span class='ocrx_word' id='word_1_342' title='bbox 1238 2326 1303 2364; x_wconf 90' lang='lat' dir='ltr'>es,</span> <span class='ocrx_word' id='word_1_343' title='bbox 1324 2326 1441 2364; x_wconf 86' lang='lat' dir='ltr'>quem</span> <span class='ocrx_word' id='word_1_344' title='bbox 1463 2318 1605 2355; x_wconf 85' lang='lat' dir='ltr'>nostra</span> <span class='ocrx_word' id='word_1_345' title='bbox 1622 2314 1786 2356; x_wconf 87' lang='lat' dir='ltr'>licentia</span> <span class='ocrx_word' id='word_1_346' title='bbox 1806 2316 1950 2365; x_wconf 88' lang='lat' dir='ltr'>laedit,</span> 
     </span>
     <span class='ocr_line' id='line_1_32' title="bbox 929 2381 1878 2435; baseline 0.004 -15"><span class='ocrx_word' id='word_1_347' title='bbox 929 2381 971 2421; x_wconf 90' lang='lat' dir='ltr'>Si</span> <span class='ocrx_word' id='word_1_348' title='bbox 993 2381 1129 2433; x_wconf 90' lang='lat' dir='ltr'>sapis,</span> <span class='ocrx_word' id='word_1_349' title='bbox 1150 2382 1203 2421; x_wconf 91' lang='lat' dir='ltr'>ad</span> <span class='ocrx_word' id='word_1_350' title='bbox 1224 2394 1412 2422; x_wconf 90' lang='lat' dir='ltr'>numeros</span> <span class='ocrx_word' id='word_1_351' title='bbox 1433 2383 1549 2434; x_wconf 84' lang='lat' dir='ltr'>exige</span> <span class='ocrx_word' id='word_1_352' title='bbox 1570 2383 1747 2435; x_wconf 89' lang='lat' dir='ltr'>quidque</span> <span class='ocrx_word' id='word_1_353' title='bbox 1768 2396 1878 2424; x_wconf 91' lang='lat' dir='ltr'>suos.</span> 
     </span>
     <span class='ocr_line' id='line_1_33' title="bbox 607 2449 1789 2505; baseline 0.003 -15"><span class='ocrx_word' id='word_1_354' title='bbox 607 2450 725 2499; x_wconf 77' lang='lat'>(387,</span> <span class='ocrx_word' id='word_1_355' title='bbox 749 2450 809 2499; x_wconf 85' lang='lat'>8.)</span> <span class='ocrx_word' id='word_1_356' title='bbox 841 2449 883 2490; x_wconf 85' lang='lat' dir='ltr'>Si</span> <span class='ocrx_word' id='word_1_357' title='bbox 905 2462 995 2489; x_wconf 88' lang='lat' dir='ltr'>mea</span> <span class='ocrx_word' id='word_1_358' title='bbox 1016 2450 1207 2490; x_wconf 85' lang='lat' dir='ltr'>materiae</span> <span class='ocrx_word' id='word_1_359' title='bbox 1228 2451 1450 2502; x_wconf 89' lang='lat' dir='ltr'>respondet</span> <span class='ocrx_word' id='word_1_360' title='bbox 1472 2451 1588 2492; x_wconf 89' lang='lat' dir='ltr'>Musa</span> <span class='ocrx_word' id='word_1_361' title='bbox 1600 2452 1789 2505; x_wconf 89' lang='lat' dir='ltr'>jocosae,</span> 
     </span>
     <span class='ocr_line' id='line_1_34' title="bbox 928 2515 1815 2571; baseline 0.005 -14"><span class='ocrx_word' id='word_1_362' title='bbox 928 2518 1106 2559; x_wconf 92' lang='lat' dir='ltr'>Vicimus</span> <span class='ocrx_word' id='word_1_363' title='bbox 1129 2522 1169 2558; x_wconf 91' lang='lat' dir='ltr'>et</span> <span class='ocrx_word' id='word_1_364' title='bbox 1179 2515 1298 2571; x_wconf 71' lang='lat' dir='ltr'>falsi</span> <span class='ocrx_word' id='word_1_365' title='bbox 1316 2518 1507 2559; x_wconf 69' lang='lat' dir='ltr'>criminis</span> <span class='ocrx_word' id='word_1_366' title='bbox 1529 2525 1628 2559; x_wconf 77' lang='lat' dir='ltr'>acta</span> <span class='ocrx_word' id='word_1_367' title='bbox 1648 2533 1722 2560; x_wconf 81' lang='lat' dir='ltr'>rea</span> <span class='ocrx_word' id='word_1_368' title='bbox 1744 2526 1815 2562; x_wconf 75' lang='lat' dir='ltr'>est.</span> 
     </span>
     <span class='ocr_line' id='line_1_35' title="bbox 223 2586 2577 2644; baseline 0.002 -17"><span class='ocrx_word' id='word_1_369' title='bbox 223 2586 323 2638; x_wconf 87' lang='lat' dir='ltr'>Quis</span> <span class='ocrx_word' id='word_1_370' title='bbox 345 2590 422 2635; x_wconf 90' lang='lat' dir='ltr'>est,</span> <span class='ocrx_word' id='word_1_371' title='bbox 445 2588 513 2639; x_wconf 91' lang='lat' dir='ltr'>qui</span> <span class='ocrx_word' id='word_1_372' title='bbox 535 2588 637 2627; x_wconf 90' lang='lat' dir='ltr'>haec</span> <span class='ocrx_word' id='word_1_373' title='bbox 657 2587 799 2637; x_wconf 87' lang='lat' dir='ltr'>legens</span> <span class='ocrx_word' id='word_1_374' title='bbox 823 2588 874 2627; x_wconf 90' lang='lat' dir='ltr'>de</span> <span class='ocrx_word' id='word_1_375' title='bbox 896 2586 966 2626; x_wconf 91' lang='lat' dir='ltr'>illo</span> <span class='ocrx_word' id='word_1_376' title='bbox 988 2586 1263 2639; x_wconf 88' lang='lat' dir='ltr'>impudicitiae</span> <span class='ocrx_word' id='word_1_377' title='bbox 1286 2588 1448 2629; x_wconf 90' lang='lat' dir='ltr'>crimine</span> <span class='ocrx_word' id='word_1_378' title='bbox 1472 2590 1651 2640; x_wconf 84' lang='lat' dir='ltr'>cogit-are</span> <span class='ocrx_word' id='word_1_379' title='bbox 1674 2590 1784 2639; x_wconf 88' lang='lat' dir='ltr'>velit,</span> <span class='ocrx_word' id='word_1_380' title='bbox 1806 2592 1913 2642; x_wconf 92' lang='lat' dir='ltr'>quod</span> <span class='ocrx_word' id='word_1_381' title='bbox 1935 2596 2081 2643; x_wconf 90' lang='lat' dir='ltr'>postea</span> <span class='ocrx_word' id='word_1_382' title='bbox 2099 2594 2151 2633; x_wconf 90' lang='lat' dir='ltr'>ab</span> <span class='ocrx_word' id='word_1_383' title='bbox 2169 2593 2354 2644; x_wconf 75' lang='lat' dir='ltr'>Augusto</span> <span class='ocrx_word' id='word_1_384' title='bbox 2376 2592 2577 2644; x_wconf 85' lang='lat' dir='ltr'>prolatum</span> 
     </span>
     <span class='ocr_line' id='line_1_36' title="bbox 223 2656 2573 2713; baseline 0.002 -17"><span class='ocrx_word' id='word_1_385' title='bbox 223 2656 416 2709; x_wconf 90' lang='lat' dir='ltr'>perniciei</span> <span class='ocrx_word' id='word_1_386' title='bbox 436 2656 512 2696; x_wconf 85' lang='lat' dir='ltr'>fuit</span> <span class='ocrx_word' id='word_1_387' title='bbox 532 2657 705 2709; x_wconf 72' lang='lat' dir='ltr'>poetae?</span> <span class='ocrx_word' id='word_1_388' title='bbox 744 2656 888 2698; x_wconf 89' lang='lat' dir='ltr'>Nonne</span> <span class='ocrx_word' id='word_1_389' title='bbox 909 2656 1048 2711; x_wconf 79' lang='lat' dir='ltr'>petias</span> <span class='ocrx_word' id='word_1_390' title='bbox 1069 2657 1171 2698; x_wconf 89' lang='lat' dir='ltr'>haec</span> <span class='ocrx_word' id='word_1_391' title='bbox 1192 2668 1213 2697; x_wconf 92' lang='lat' dir='ltr'>e</span> <span class='ocrx_word' id='word_1_392' title='bbox 1237 2669 1296 2697; x_wconf 91' lang='lat' dir='ltr'>vs.</span> <span class='ocrx_word' id='word_1_393' title='bbox 1322 2658 1400 2697; x_wconf 87' lang='grc'>367</span> <span class='ocrx_word' id='word_1_394' title='bbox 1421 2669 1498 2709; x_wconf 69' lang='lat' dir='ltr'>sq„</span> <span class='ocrx_word' id='word_1_395' title='bbox 1520 2659 1588 2700; x_wconf 92' lang='lat' dir='ltr'>ubi</span> <span class='ocrx_word' id='word_1_396' title='bbox 1609 2658 1760 2709; x_wconf 89' lang='lat' dir='ltr'>Zoilus,</span> <span class='ocrx_word' id='word_1_397' title='bbox 1783 2671 1951 2701; x_wconf 87' lang='lat' dir='ltr'>severus</span> <span class='ocrx_word' id='word_1_398' title='bbox 1972 2660 2040 2701; x_wconf 92' lang='lat' dir='ltr'>ille</span> <span class='ocrx_word' id='word_1_399' title='bbox 2064 2660 2226 2702; x_wconf 89' lang='lat' dir='ltr'>Homeri</span> <span class='ocrx_word' id='word_1_400' title='bbox 2248 2661 2482 2713; x_wconf 86' lang='lat' dir='ltr'>castigator,</span> <span class='ocrx_word' id='word_1_401' title='bbox 2503 2671 2573 2703; x_wconf 90' lang='lat' dir='ltr'>uo-</span> 
     </span>
    </p>
   </div>
   <div class='ocr_carea' id='block_1_3' title="bbox 221 2725 681 2775">
    <p class='ocr_par' dir='ltr' id='par_1_5' title="bbox 221 2725 681 2775">
     <span class='ocr_line' id='line_1_37' title="bbox 221 2725 681 2775; baseline -0.002 -9"><span class='ocrx_word' id='word_1_402' title='bbox 221 2725 410 2775; x_wconf 86' lang='lat' dir='ltr'>minatur,</span> <span class='ocrx_word' id='word_1_403' title='bbox 432 2731 472 2766; x_wconf 82' lang='lat' dir='ltr'>et</span> <span class='ocrx_word' id='word_1_404' title='bbox 493 2737 553 2766; x_wconf 87' lang='lat' dir='ltr'>vs.</span> <span class='ocrx_word' id='word_1_405' title='bbox 577 2727 681 2768; x_wconf 83' lang='lat'>389:</span> 
     </span>
    </p>
   </div>
   <div class='ocr_carea' id='block_1_4' title="bbox 1401 166 1433 213">
    <p class='ocr_par' dir='ltr' id='par_1_6' title="bbox 1401 166 1433 213">
     <span class='ocr_line' id='line_1_38' title="bbox 1401 166 1433 213; baseline 0 0"><span class='ocrx_word' id='word_1_406' title='bbox 1401 166 1433 213; x_wconf 87' lang='lat'>4</span> 
     </span>
    </p>
   </div>
   <div class='ocr_carea' id='block_1_5' title="bbox 1280 234 1554 244">
    <p class='ocr_par' dir='ltr' id='par_1_7' title="bbox 1280 234 1554 244">
     <span class='ocr_line' id='line_1_39' title="bbox 1280 234 1554 244; baseline 0 0"><span class='ocrx_word' id='word_1_407' title='bbox 1280 234 1554 244; x_wconf 95' lang='lat' dir='ltr'> </span> 
     </span>
    </p>
   </div>
   <div class='ocr_carea' id='block_1_6' title="bbox 217 2796 2575 3263">
    <p class='ocr_par' dir='ltr' id='par_1_8' title="bbox 217 2796 2575 3263">
     <span class='ocr_line' id='line_1_40' title="bbox 836 2796 2044 2850; baseline 0.004 -15"><span class='ocrx_word' id='word_1_408' title='bbox 836 2796 1037 2848; x_wconf 87' lang='lat' dir='ltr'>Rumpere</span> <span class='ocrx_word' id='word_1_409' title='bbox 1051 2825 1061 2843; x_wconf 90' lang='lat'>,</span> <span class='ocrx_word' id='word_1_410' title='bbox 1083 2796 1187 2835; x_wconf 89' lang='lat' dir='ltr'>livor</span> <span class='ocrx_word' id='word_1_411' title='bbox 1208 2797 1309 2835; x_wconf 86' lang='lat' dir='ltr'>edax</span> <span class='ocrx_word' id='word_1_412' title='bbox 1328 2826 1336 2834; x_wconf 91' lang='lat'><strong>.</strong></span> <span class='ocrx_word' id='word_1_413' title='bbox 1360 2809 1548 2848; x_wconf 88' lang='lat' dir='ltr'>magnum</span> <span class='ocrx_word' id='word_1_414' title='bbox 1562 2799 1648 2850; x_wconf 87' lang='lat' dir='ltr'>jam</span> <span class='ocrx_word' id='word_1_415' title='bbox 1669 2811 1814 2839; x_wconf 89' lang='lat' dir='ltr'>nomen</span> <span class='ocrx_word' id='word_1_416' title='bbox 1834 2800 2044 2840; x_wconf 87' lang='lat' dir='ltr'>habemus.</span> 
     </span>
     <span class='ocr_line' id='line_1_41' title="bbox 221 2863 2573 2921; baseline 0.003 -19"><span class='ocrx_word' id='word_1_417' title='bbox 221 2867 265 2902; x_wconf 87' lang='lat' dir='ltr'>ta</span> <span class='ocrx_word' id='word_1_418' title='bbox 292 2863 603 2915; x_wconf 88' lang='lat' dir='ltr'>interpretanda</span> <span class='ocrx_word' id='word_1_419' title='bbox 638 2868 752 2911; x_wconf 88' lang='lat' dir='ltr'>sunt,</span> <span class='ocrx_word' id='word_1_420' title='bbox 785 2868 828 2903; x_wconf 91' lang='lat' dir='ltr'>ut</span> <span class='ocrx_word' id='word_1_421' title='bbox 850 2864 1020 2912; x_wconf 66' lang='lat' dir='ltr'>Ovidius</span> <span class='ocrx_word' id='word_1_422' title='bbox 1047 2865 1112 2906; x_wconf 86' lang='lat' dir='ltr'>his</span> <span class='ocrx_word' id='word_1_423' title='bbox 1142 2865 1278 2905; x_wconf 88' lang='lat' dir='ltr'>verbis</span> <span class='ocrx_word' id='word_1_424' title='bbox 1309 2876 1380 2904; x_wconf 90' lang='lat' dir='ltr'>eos</span> <span class='ocrx_word' id='word_1_425' title='bbox 1406 2865 1566 2907; x_wconf 88' lang='lat' dir='ltr'>criticos</span> <span class='ocrx_word' id='word_1_426' title='bbox 1597 2868 1859 2920; x_wconf 83' lang='lat' dir='ltr'>aemulosque</span> <span class='ocrx_word' id='word_1_427' title='bbox 1891 2868 2138 2920; x_wconf 86' lang='lat' dir='ltr'>alloquatur,</span> <span class='ocrx_word' id='word_1_428' title='bbox 2168 2869 2236 2921; x_wconf 93' lang='lat' dir='ltr'>qui</span> <span class='ocrx_word' id='word_1_429' title='bbox 2259 2870 2355 2910; x_wconf 85' lang='lat' dir='ltr'>Arte</span> <span class='ocrx_word' id='word_1_430' title='bbox 2377 2870 2573 2910; x_wconf 83' lang='lat' dir='ltr'>amatoria</span> 
     </span>
     <span class='ocr_line' id='line_1_42' title="bbox 219 2931 2575 2987; baseline 0.003 -16"><span class='ocrx_word' id='word_1_431' title='bbox 219 2931 340 2971; x_wconf 91' lang='lat' dir='ltr'>modo</span> <span class='ocrx_word' id='word_1_432' title='bbox 363 2931 474 2971; x_wconf 89' lang='lat' dir='ltr'>edita</span> <span class='ocrx_word' id='word_1_433' title='bbox 496 2932 708 2981; x_wconf 83' lang='lat' dir='ltr'>gravitatis</span> <span class='ocrx_word' id='word_1_434' title='bbox 728 2933 918 2984; x_wconf 86' lang='lat' dir='ltr'>antiquae</span> <span class='ocrx_word' id='word_1_435' title='bbox 942 2933 1178 2974; x_wconf 86' lang='lat' dir='ltr'>defensores</span> <span class='ocrx_word' id='word_1_436' title='bbox 1200 2938 1429 2985; x_wconf 88' lang='lat' dir='ltr'>protervam</span> <span class='ocrx_word' id='word_1_437' title='bbox 1449 2935 1535 2986; x_wconf 90' lang='lat' dir='ltr'>ejus</span> <span class='ocrx_word' id='word_1_438' title='bbox 1553 2936 1757 2975; x_wconf 88' lang='lat' dir='ltr'>levitatem</span> <span class='ocrx_word' id='word_1_439' title='bbox 1776 2937 2115 2987; x_wconf 82' lang='lat' dir='ltr'>vituperaverant.</span> <span class='ocrx_word' id='word_1_440' title='bbox 2154 2937 2220 2978; x_wconf 90' lang='lat' dir='ltr'>Sic</span> <span class='ocrx_word' id='word_1_441' title='bbox 2237 2942 2377 2978; x_wconf 88' lang='lat' dir='ltr'>contra</span> <span class='ocrx_word' id='word_1_442' title='bbox 2391 2938 2575 2978; x_wconf 87' lang='lat' dir='ltr'>homines</span> 
     </span>
     <span class='ocr_line' id='line_1_43' title="bbox 219 2998 2574 3054; baseline 0.003 -16"><span class='ocrx_word' id='word_1_443' title='bbox 219 2998 399 3051; x_wconf 90' lang='lat' dir='ltr'>ejusdem</span> <span class='ocrx_word' id='word_1_444' title='bbox 430 2998 593 3049; x_wconf 87' lang='lat' dir='ltr'>generis</span> <span class='ocrx_word' id='word_1_445' title='bbox 626 2998 807 3040; x_wconf 89' lang='lat' dir='ltr'>Catullus</span> <span class='ocrx_word' id='word_1_446' title='bbox 837 3012 995 3052; x_wconf 86' lang='lat' dir='ltr'>quoque</span> <span class='ocrx_word' id='word_1_447' title='bbox 1029 3005 1070 3041; x_wconf 93' lang='lat' dir='ltr'>et</span> <span class='ocrx_word' id='word_1_448' title='bbox 1098 3005 1246 3054; x_wconf 88' lang='lat' dir='ltr'>postea</span> <span class='ocrx_word' id='word_1_449' title='bbox 1266 3001 1461 3042; x_wconf 84' lang='lat' dir='ltr'>Martialis</span> <span class='ocrx_word' id='word_1_450' title='bbox 1490 3013 1534 3042; x_wconf 90' lang='lat' dir='ltr'>se</span> <span class='ocrx_word' id='word_1_451' title='bbox 1557 3003 1769 3044; x_wconf 82' lang='lat' dir='ltr'>defendere</span> <span class='ocrx_word' id='word_1_452' title='bbox 1787 3004 1914 3044; x_wconf 79' lang='lat' dir='ltr'>coacti</span> <span class='ocrx_word' id='word_1_453' title='bbox 1936 3008 2042 3044; x_wconf 85' lang='lat' dir='ltr'>sunt.</span> <span class='ocrx_word' id='word_1_454' title='bbox 2090 3004 2132 3045; x_wconf 92' lang='lat' dir='ltr'>Si</span> <span class='ocrx_word' id='word_1_455' title='bbox 2153 3009 2287 3046; x_wconf 89' lang='lat' dir='ltr'>autem</span> <span class='ocrx_word' id='word_1_456' title='bbox 2308 3005 2406 3046; x_wconf 90' lang='lat' dir='ltr'>illud</span> <span class='ocrx_word' id='word_1_457' title='bbox 2430 3005 2574 3046; x_wconf 85' lang='lat' dir='ltr'>Ovidio</span> 
     </span>
     <span class='ocr_line' id='line_1_44' title="bbox 217 3067 2573 3125; baseline 0.003 -19"><span class='ocrx_word' id='word_1_458' title='bbox 217 3067 268 3107; x_wconf 89' lang='lat' dir='ltr'>ab</span> <span class='ocrx_word' id='word_1_459' title='bbox 290 3068 477 3118; x_wconf 84' lang='lat' dir='ltr'>Augusto</span> <span class='ocrx_word' id='word_1_460' title='bbox 509 3067 733 3119; x_wconf 91' lang='lat' dir='ltr'>amicisque</span> <span class='ocrx_word' id='word_1_461' title='bbox 755 3068 841 3120; x_wconf 89' lang='lat' dir='ltr'>ejus</span> <span class='ocrx_word' id='word_1_462' title='bbox 857 3069 941 3121; x_wconf 89' lang='lat' dir='ltr'>jam</span> <span class='ocrx_word' id='word_1_463' title='bbox 963 3074 1059 3110; x_wconf 90' lang='lat' dir='ltr'>tunc</span> <span class='ocrx_word' id='word_1_464' title='bbox 1081 3071 1374 3123; x_wconf 88' lang='lat' dir='ltr'>opprobratum</span> <span class='ocrx_word' id='word_1_465' title='bbox 1403 3075 1532 3122; x_wconf 85' lang='lat' dir='ltr'>esset,</span> <span class='ocrx_word' id='word_1_466' title='bbox 1563 3072 1742 3123; x_wconf 84' lang='lat' dir='ltr'>profecto</span> <span class='ocrx_word' id='word_1_467' title='bbox 1764 3073 1821 3121; x_wconf 88' lang='lat' dir='ltr'>is,</span> <span class='ocrx_word' id='word_1_468' title='bbox 1851 3073 1963 3125; x_wconf 84' lang='lat' dir='ltr'>quus</span> <span class='ocrx_word' id='word_1_469' title='bbox 1992 3073 2206 3115; x_wconf 82' lang='lat' dir='ltr'>obnoxium</span> <span class='ocrx_word' id='word_1_470' title='bbox 2228 3075 2414 3125; x_wconf 80' lang='lat' dir='ltr'>Augusto</span> <span class='ocrx_word' id='word_1_471' title='bbox 2441 3078 2482 3114; x_wconf 87' lang='lat' dir='ltr'>et</span> <span class='ocrx_word' id='word_1_472' title='bbox 2502 3073 2573 3114; x_wconf 90' lang='lat' dir='ltr'>ob-</span> 
     </span>
     <span class='ocr_line' id='line_1_45' title="bbox 218 3135 2573 3195; baseline 0.003 -22"><span class='ocrx_word' id='word_1_473' title='bbox 218 3135 452 3185; x_wconf 90' lang='lat' dir='ltr'>sequiosum</span> <span class='ocrx_word' id='word_1_474' title='bbox 468 3136 648 3175; x_wconf 90' lang='lat' dir='ltr'>animum</span> <span class='ocrx_word' id='word_1_475' title='bbox 670 3136 819 3187; x_wconf 90' lang='lat' dir='ltr'>ubique</span> <span class='ocrx_word' id='word_1_476' title='bbox 841 3137 1220 3186; x_wconf 82' lang='lat' dir='ltr'>animadvertimus,</span> <span class='ocrx_word' id='word_1_477' title='bbox 1243 3139 1435 3178; x_wconf 86' lang='lat' dir='ltr'>Remedia</span> <span class='ocrx_word' id='word_1_478' title='bbox 1450 3140 1611 3179; x_wconf 81' lang='lat' dir='ltr'>Amoris</span> <span class='ocrx_word' id='word_1_479' title='bbox 1633 3140 1795 3179; x_wconf 91' lang='lat' dir='ltr'>omnino</span> <span class='ocrx_word' id='word_1_480' title='bbox 1812 3152 1892 3179; x_wconf 90' lang='lat' dir='ltr'>non</span> <span class='ocrx_word' id='word_1_481' title='bbox 1910 3141 2166 3195; x_wconf 86' lang='lat' dir='ltr'>scripsisset,</span> <span class='ocrx_word' id='word_1_482' title='bbox 2187 3143 2334 3195; x_wconf 85' lang='lat' dir='ltr'>nedum</span> <span class='ocrx_word' id='word_1_483' title='bbox 2355 3143 2433 3181; x_wconf 88' lang='lat' dir='ltr'>hoc</span> <span class='ocrx_word' id='word_1_484' title='bbox 2453 3143 2573 3182; x_wconf 89' lang='lat' dir='ltr'>modo</span> 
     </span>
     <span class='ocr_line' id='line_1_46' title="bbox 219 3202 2569 3263; baseline 0.004 -22"><span class='ocrx_word' id='word_1_485' title='bbox 219 3215 264 3241; x_wconf 91' lang='lat' dir='ltr'>se</span> <span class='ocrx_word' id='word_1_486' title='bbox 286 3210 517 3255; x_wconf 81' lang='lat' dir='ltr'>purgasset.</span> <span class='ocrx_word' id='word_1_487' title='bbox 555 3202 699 3255; x_wconf 87' lang='lat' dir='ltr'>Itaque</span> <span class='ocrx_word' id='word_1_488' title='bbox 721 3204 830 3255; x_wconf 90' lang='lat' dir='ltr'>quod</span> <span class='ocrx_word' id='word_1_489' title='bbox 852 3205 1001 3244; x_wconf 88' lang='lat' dir='ltr'>crimen</span> <span class='ocrx_word' id='word_1_490' title='bbox 1022 3207 1087 3245; x_wconf 90' lang='lat' dir='ltr'>hic</span> <span class='ocrx_word' id='word_1_491' title='bbox 1108 3212 1462 3255; x_wconf 87' lang='lat' dir='ltr'>commemoratur,</span> <span class='ocrx_word' id='word_1_492' title='bbox 1484 3220 1563 3246; x_wconf 91' lang='lat' dir='ltr'>non</span> <span class='ocrx_word' id='word_1_493' title='bbox 1585 3209 1742 3256; x_wconf 85' lang='lat' dir='ltr'>obstat,</span> <span class='ocrx_word' id='word_1_494' title='bbox 1764 3209 1859 3260; x_wconf 90' lang='lat' dir='ltr'>quin</span> <span class='ocrx_word' id='word_1_495' title='bbox 1880 3210 1957 3249; x_wconf 89' lang='lat' dir='ltr'>hoc</span> <span class='ocrx_word' id='word_1_496' title='bbox 1978 3221 2138 3250; x_wconf 87' lang='lat' dir='ltr'>carmen</span> <span class='ocrx_word' id='word_1_497' title='bbox 2160 3211 2295 3250; x_wconf 79' lang='lat' dir='ltr'>statim</span> <span class='ocrx_word' id='word_1_498' title='bbox 2318 3214 2414 3263; x_wconf 87' lang='lat' dir='ltr'>post</span> <span class='ocrx_word' id='word_1_499' title='bbox 2430 3211 2569 3250; x_wconf 82' lang='lat' dir='ltr'>Artem</span> 
     </span>
    </p>
   </div>
   <div class='ocr_carea' id='block_1_7' title="bbox 219 3271 1041 3325">
    <p class='ocr_par' dir='ltr' id='par_1_9' title="bbox 219 3271 1041 3325">
     <span class='ocr_line' id='line_1_47' title="bbox 219 3271 1041 3325; baseline 0.004 -14"><span class='ocrx_word' id='word_1_500' title='bbox 219 3271 457 3312; x_wconf 86' lang='lat' dir='ltr'>amatoriam</span> <span class='ocrx_word' id='word_1_501' title='bbox 479 3273 703 3314; x_wconf 81' lang='lat' dir='ltr'>confectum</span> <span class='ocrx_word' id='word_1_502' title='bbox 725 3285 818 3314; x_wconf 85' lang='lat' dir='ltr'>esse</span> <span class='ocrx_word' id='word_1_503' title='bbox 840 3277 1041 3325; x_wconf 88' lang='lat' dir='ltr'>putemus.</span> 
     </span>
    </p>
   </div>
  </div>
 </body>
</html>
