2818 3637
247 1180 490 1257 Postquam
507 1194 826 1257 Peerlkampius,
844 1204 1102 1246 doctissimus
1119 1204 1188 1246 ille
1204 1208 1245 1245 et
1260 1204 1547 1257 sagacissimus
1563 1206 1682 1247 homo
1695 1206 1886 1254 Batavus,
1903 1206 2100 1258 neglecta,
2121 1219 2222 1258 quae
2241 1207 2448 1248 codicibus
2464 1207 2587 1248 tribui

218 1264 221 1267 ’
250 1273 367 1325 solet,
388 1273 639 1323 auctoritate,
661 1274 701 1314 in
713 1273 881 1326 Vergilii
903 1274 1082 1314 Aeneide
1102 1277 1144 1314 et
1162 1273 1204 1313 in
1225 1272 1380 1314 Horatii
1401 1275 1645 1315 carminibus
1666 1275 1816 1315 multos
1837 1275 1987 1315 detexit
2007 1275 2132 1324 locos,
2148 1288 2314 1327 quorum
2326 1276 2586 1316 difficultates

248 1345 309 1383 tot
326 1340 591 1395 interpretum
611 1344 738 1383 aciem
759 1346 851 1383 ante
873 1355 963 1383 eum
984 1343 1227 1394 effugerant,
1257 1343 1377 1383 etiam
1405 1343 1516 1395 apud
1543 1355 1618 1383 nos
1648 1345 1803 1395 passim
1824 1345 2056 1390 extiterunt,
2086 1345 2154 1395 qui
2183 1345 2351 1384 eandem
2375 1350 2495 1395 atque
2516 1345 2585 1385 ille

249 1414 512 1464 sequerentur
532 1410 638 1452 viam
659 1423 706 1452 ac
726 1411 936 1453 rationem.
983 1410 1160 1463 Quorum
1180 1411 1306 1453 multo
1327 1411 1622 1453 audacissimus
1644 1410 1852 1465 Gruppius
1873 1412 1968 1463 fuit,
1997 1413 2066 1465 qui
2086 1424 2207 1465 quum
2229 1413 2268 1453 in
2291 1425 2358 1462 eo,
2388 1425 2506 1466 quem
2536 1413 2585 1453 de

242 1472 381 1538 *elegia
401 1480 581 1520 Romana
602 1481 787 1532 scripsit,
809 1484 892 1520 tum
914 1481 955 1520 in
976 1492 1044 1529 eo,
1069 1491 1188 1531 quem
1208 1467 1259 1520 de
1279 1485 1489 1533 poetarum
1510 1481 1779 1521 Romanorum
1801 1482 2159 1533 interpolatoribus
2179 1485 2273 1521 ante
2293 1483 2369 1522 hos
2391 1483 2492 1522 duos
2516 1494 2585 1521 an·

250 1556 325 1589 nos
347 1547 493 1596 edidit,
515 1549 639 1597 libro,
662 1561 912 1600 nequaquam
933 1549 974 1588 in
995 1548 1077 1589 illis
1098 1548 1256 1588 Horatii
1277 1553 1318 1589 et
1339 1549 1503 1600 Vergilii
1526 1550 1769 1590 carminibus
1792 1550 1991 1597 substitit,
2022 1551 2093 1590 sed
2114 1551 2284 1590 aliorum
2305 1551 2425 1591 etiam
2448 1554 2586 1602 poem-

247 1630 334 1658 rum
357 1629 483 1670 opera
503 1617 559 1658 ita
579 1617 829 1670 percensuit,
861 1620 906 1657 ut
933 1616 1109 1668 eleganti
1137 1616 1309 1669 quodam
1331 1617 1498 1669 perfecti
1519 1618 1677 1658 artificii
1699 1630 1822 1659 sensu
1843 1622 1884 1658 et
1904 1618 2011 1670 ejus,
2040 1619 2147 1670 quod
2170 1619 2381 1671 pulchrum
2402 1619 2585 1667 habetur,

248 1687 471 1727 rationibus
488 1686 631 1726 mallet
658 1678 858 1726 confidere
886 1698 1005 1738 quam
1035 1686 1189 1727 severis
1210 1687 1457 1739 philologiae
1477 1687 1650 1738 legibus.
1701 1688 1841 1739 Itaque
1866 1701 1944 1728 non
1969 1688 2098 1728 solum
2120 1688 2302 1739 singulos
2324 1700 2487 1736 versus,
2512 1688 2586 1728 sed
2642 1725 2646 1728 .

247 1761 333 1799 tota
354 1757 549 1805 carmina,
571 1756 776 1808 longitires
797 1755 1017 1797 carminum
1038 1758 1176 1809 partes
1198 1756 1358 1809 spurias
1378 1768 1469 1798 esse
1492 1758 1667 1810 putavit3
1701 1757 1741 1797 in
1769 1757 1860 1799 aliis
1889 1758 2069 1798 ordinem
2101 1769 2289 1798 versuum
2310 1757 2585 1806 commutavit,

247 1826 328 1867 alia
347 1827 388 1866 in
410 1826 548 1880 plures
569 1831 707 1878 partes
729 1825 882 1874 divisit,
903 1825 984 1865 alia
1003 1825 1045 1865 in
1066 1837 1186 1866 unum
1209 1826 1414 1866 contraxit.
1447 1826 1537 1866 Jam
1562 1838 1669 1875 vero,
1691 1838 1930 1878 quamquam
1947 1828 2086 1879 negari
2102 1839 2181 1867 non
2199 1831 2348 1880 potest,
2370 1827 2447 1866 hoc
2466 1827 2585 1866 modo

246 1896 511 1946 gravissimas
540 1895 693 1935 moveri
722 1894 1001 1946 quaestiones,
1023 1906 1147 1946 quae,
1176 1895 1212 1934 si
1239 1892 1462 1935 ac'curatius
1490 1896 1710 1946 agitentur,
1741 1907 1821 1935 non
1851 1896 2036 1947 exiguum
2064 1896 2236 1936 fructum
2261 1896 2404 1936 afferre
2425 1897 2587 1947 possint

248 1967 453 2006 literarum
474 1964 740 2005 Romanarum
762 1964 927 2013 studiis,
957 1968 1113 2012 tamen,
1141 1976 1191 2004 ne
1213 1976 1415 2016 perpauca
1434 1976 1591 2012 eorum,
1621 1977 1724 2016 quae
1753 1977 1860 2004 nova
1885 1970 2004 2016 atque
2024 1977 2153 2016 usque
2173 1966 2225 2006 ad
2245 1966 2322 2006 hoe
2343 1970 2504 2017 tempus
2526 1966 2584 2005 in-

246 2035 383 2075 audita
411 2034 625 2086 proposuit
652 2033 782 2084 magis
810 2045 929 2085 quam
960 2033 1209 2084 argumentis
1237 2032 1409 2073 firmavit
1439 2031 1667 2085 Gruppius‚
1696 2034 1794 2074 viris
1823 2034 1952 2073 doctis
1982 2035 2144 2085 possint
2171 2035 2355 2086 probari,
2390 2046 2583 2074 veremur.

360 2102 426 2142 Sic
452 2103 491 2142 in
516 2102 682 2142 alterius
703 2102 795 2141 libri
817 2114 858 2153 p.
881 2103 962 2141 493
987 2112 1159 2149 carmen,
1181 2101 1287 2151 quod
1308 2101 1485 2151 remedia
1505 2102 1666 2141 Amoris
1688 2102 1928 2153 inscriptum
1949 2108 2031 2149 est,
2053 2115 2147 2142 num
2169 2104 2223 2142 sit
2239 2102 2393 2150 Ovidii,
2415 2103 2583 2142 dubitat.

246 2171 449 2223 Leguntur
469 2171 574 2210 enim
595 2170 650 2210 ibi
672 2170 790 2210 haec:
813 2169 884 2209 Ich
894 2170 1015 2220 berge
1036 2169 1160 2217 nicht,
1182 2168 1278 2209 dass
1294 2169 1357 2208 ich
1372 2168 1476 2209 noch
1488 2181 1618 2220 gegen
1631 2170 1695 2209 ein
1707 2170 1878 2210 anderes
1896 2171 2000 2210 nahe
2020 2171 2238 2211 stehendes
2254 2170 2373 2210 Werk
2390 2171 2462 2210 des
2480 2170 2582 2210 Ovid

246 2240 361 2280 einen
382 2251 552 2290 grossen
573 2238 734 2279 Zweifel
754 2239 870 2290 hege.
917 2237 972 2278 Es
999 2238 1091 2278 sind
1107 2237 1200 2278 'dies
1222 2237 1287 2278 die
1308 2234 1513 2278 Remedia
1533 2236 1722 2279 Amoris.
1773 2239 1856 2279 Wir
1883 2239 2016 2279 finden
2038 2239 2097 2279 sie
2122 2240 2288 2290 nirgend
2312 2240 2376 2279 bei
2398 2239 2501 2280 Ovid
2523 2252 2582 2279 er-

246 2308 401 2355 wahnt,
435 2307 507 2347 wie
536 2307 639 2347 doch
669 2319 747 2346 von
777 2307 848 2346 der
869 2308 948 2346 Ars
980 2318 1069 2346 zum
1098 2306 1228 2346 6ftern
1247 2306 1467 2356 geschieht.
1519 2307 1574 2347 Es
1595 2307 1649 2346 ist
1670 2307 1803 2354 wahr,
1833 2308 1892 2347 sie
1924 2309 2111 2347 kommen
2144 2309 2215 2347 der
2235 2308 2481 2348 Ovidischen
2511 2308 2585 2346 Art
2665 2323 2670 2327 ·
2698 2314 2701 2315 ’

245 2376 340 2416 sehr
360 2376 475 2425 nahe,
498 2376 538 2416 in
559 2376 679 2416 allem
695 2376 915 2423 Aeussern,
936 2386 1019 2415 was
1042 2374 1129 2415 sich
1143 2374 1335 2415 ablernen
1355 2374 1470 2415 lasst.
1504 2375 1614 2415 Aber
1634 2376 1776 2416 stehen
1789 2377 1848 2416 sie
1860 2376 1942 2416 ihm
1963 2376 2065 2415 auch
2087 2377 2188 2415 nahe
2208 2377 2248 2415 in
2266 2377 2337 2416 der
2352 2376 2582 2415 Individua-

245 2444 347 2493 litat,
371 2446 411 2485 in
433 2446 504 2486 der
524 2444 956 2497 Empfindungsweise‚
978 2444 1110 2484 haben
1132 2443 1191 2484 sie
1209 2443 1382 2484 Zeichen
1403 2443 1539 2484 seines
1560 2443 1713 2485 Genius
1735 2458 1784 2485 an
1807 2446 1920 2485 sich?
1960 2445 2032 2485 Ich
2053 2457 2152 2496 sage
2173 2445 2278 2485 nein.
2320 2445 2372 2485 Es
2398 2446 2582 2484 kommen

245 2514 359 2554 darin
381 2514 603 2555 Rohheiten
626 2527 717 2562 vor,
739 2526 772 2554 z.
795 2514 838 2554 B.
863 2526 899 2554 v.
924 2515 1005 2553 405
1026 2513 1146 2564 flgd.,
1169 2513 1242 2553 wie
1264 2512 1323 2553 sie
1344 2512 1408 2552 nie
1430 2524 1509 2553 von
1531 2513 1635 2554 Ovid
1662 2514 1883 2554 herrfihren
1908 2515 2067 2555 konnen
2089 2515 2171 2554 und
2193 2514 2267 2555 wie
2289 2515 2347 2554 sie
2368 2526 2470 2565 ganz
2491 2513 2581 2553 dem

245 2581 468 2623 Charakter
488 2583 621 2623 seiner
641 2582 785 2622 Poesie
808 2582 1143 2634 widersprechen.
1191 2582 1299 2621 Aber
1327 2582 1400 2621 das
1419 2582 1547 2622 Stiick
1575 2583 1734 2622 scheint
1762 2584 1837 2622 mir
1863 2584 1966 2623 auch
1987 2584 2052 2623 die
2080 2584 2282 2635 positiven
2304 2583 2581 2622 Kennzeichen

244 2651 354 2692 einer
370 2651 626 2703 geluugenen
644 2647 937 2704 Nachahmung
956 2664 1008 2692 an
1029 2651 1117 2691 sich
1137 2664 1186 2691 zu
1206 2654 1361 2702 tragen,
1381 2650 1424 2692 in
1444 2651 1536 2692 dem
1557 2652 1729 2703 gesucht
1749 2652 2013 2703 sorgfaltigen
2031 2651 2264 2703 Anbringen
2285 2650 2385 2691 aller
2403 2656 2580 2702 zugang-

244 2719 375 2760 lichen
389 2719 573 2769 Notizen,
594 2720 658 2760 die
679 2720 777 2759 aber
797 2720 900 2759 doch
921 2720 1137 2770 allgemein
1159 2719 1239 2758 und
1259 2719 1521 2759 unbestimmt
1541 2720 1714 2767 bleiben,
1735 2720 1867 2759 nichts
1890 2717 2122 2759 euthaltend
2138 2721 2200 2758 als
2219 2720 2580 2769 Wiederholungen

245 2787 415 2836 dessen,
445 2800 530 2829 was
558 2789 768 2844 anderswo
789 2788 864 2828 mit
883 2788 973 2828 dem
995 2787 1186 2840 Geprage
1207 2788 1446 2829 Ovidischer
1466 2788 1723 2839 Originalitat
1749 2789 1915 2829 auftritt.
1964 2788 2054 2828 Und
2079 2800 2191 2828 wann
2216 2787 2333 2827 sollte
2354 2788 2457 2827 auch
2478 2787 2582 2828 Ovid

245 2855 317 2897 das
337 2855 462 2898 Stuck
486 2858 662 2898 versasst
680 2857 839 2898 haben?
884 2856 940 2898 Es
970 2856 1119 2897 datiert
1145 2856 1231 2897 sich
1260 2857 1389 2898 selbst
1408 2857 1512 2897 nach
1529 2857 1600 2898 der
1619 2858 1699 2898 Ars
1729 2857 1808 2897 und
1830 2857 1942 2907 giebt
1963 2857 2048 2897 sich
2069 2856 2130 2896 als
2152 2854 2477 2907 Gegengewicht.
2525 2856 2581 2897 Es

245 2926 426 2966 erwahn't
450 2926 579 2967 sehon
608 2926 679 2967 der
706 2925 912 2978 Anklage‚
942 2925 1013 2966 der
1040 2926 1166 2966 daher
1193 2926 1537 2978 entspringenden
1565 2926 1821 2976 Anfechtung
1841 2947 1896 2952 —
1916 2926 2013 2964 aber
2039 2936 2140 2975 ganz
2168 2924 2315 2964 anders
2343 2924 2405 2964 als
2434 2925 2475 2964 in
2503 2925 2582 2965 den

244 2991 441 3042 Tristien3
461 2995 545 3035 und
565 2995 641 3035 wie
661 2990 789 3034 damit
810 2994 1020 3034 vereinbar
1034 2995 1130 3046 jene
1150 2995 1392 3045 gesteigerte
1412 2994 1612 3034 Rohheit?
2369 3006 2372 3007 ⁷

358 3060 470 3112 Quae
491 3075 613 3115 quum
633 3062 880 3115 legeremus,
902 3061 1032 3102 vereri
1053 3062 1281 3115 coepimus,
1308 3073 1358 3102 ne
1384 3062 1445 3102 vir
1464 3062 1815 3113 ingeniosissimus
1844 3072 1979 3099 amore
2000 3059 2153 3099 inventi
2173 3060 2370 3112 abreptus
2391 3073 2584 3112 germana

243 3140 319 3181 pro
339 3126 490 3182 spuriis
509 3131 670 3172 habeat.
709 3131 751 3173 Si
763 3131 878 3175 ,enim
899 3131 1035 3172 omnia
1052 3131 1154 3172 haec
1174 3134 1410 3183 argumenta
1429 3131 1653 3171 accuratius
1675 3129 1942 3182 perspexeris,
1964 3140 2218 3180 nequaquam
2240 3141 2289 3169 ea
2309 3129 2457 3171 idonea
2477 3143 2581 3180 esse,

222 3236 224 3238 .
244 3191 411 3249 propter
430 3210 533 3250 quae
553 3199 699 3240 Ovidio
718 3203 846 3240 totum
867 3211 1027 3239 carmen
1048 3200 1311 3253 abjudicetur,
1332 3199 1500 3238 videbis.
1546 3200 1677 3249 Atque
1699 3199 1869 3250 primum
1892 3197 2056 3249 quidem
2082 3209 2288 3252 nunquam
2308 3211 2407 3239 sane
2428 3196 2471 3238 iu'
2489 3201 2582 3240 aliis

243 3264 364 3318 hujus
384 3270 529 3318 poetae
550 3268 743 3321 operibus
764 3269 855 3322 ejus
872 3267 1061 3309 carminis
1083 3267 1129 3308 fit
1147 3267 1310 3326 mentio.
1352 3266 1433 3308 Sed
1453 3267 1543 3319 quis
1564 3270 1647 3316 est,
1669 3265 1736 3318 qui
1755 3265 1868 3316 inde,
1891 3263 2153 3307 subditicium
2172 3266 2252 3308 hoc
2272 3279 2383 3317 esse,
2406 3267 2470 3308 vel
2491 3269 2582 3321 ipse
