2818 3637
1341 204 1368 251 6

183 340 267 391 236
285 367 295 399 ;
315 351 468 392 1³:258
485 356 526 391 et
546 352 594 392 A.
612 345 811 409 lineos.
853 354 950 393 Tum
974 354 1179 395 exordium
1202 365 1361 407 quoque
1381 353 1670 395 Remediorum
1690 353 1854 394 Amoris
1880 351 2154 407 compluribus
2172 351 2214 393 in
2236 352 2420 405 partibus
2439 365 2529 394 cum

177 420 372 460 Amorum
391 421 417 461 l.
435 421 466 460 I.
490 421 604 460 initio
627 422 822 471 congruit.
863 423 973 462 Rem.
992 435 1030 462 ν.
1050 424 1132 462 204
1154 423 1238 463 fere
1258 424 1354 462 item
1375 422 1414 462 in
1431 423 1507 475 Ep.
1524 422 1601 470 IV,
1624 423 1702 462 172
1725 422 1867 462 iterum
1889 421 2110 462 invenitur:

911 491 994 530 Aut
1013 491 1133 532 cadat
1153 492 1328 532 adversa
1347 491 1515 543 cuspide
1535 491 1674 531 fossus
1694 502 1806 543 aper.

990 559 1041 600 Et
1062 559 1181 600 cadat
1201 560 1377 600 adversa
1394 559 1566 613 cuspide
1586 559 1723 600 fossus
1744 570 1854 612 aper.

176 626 290 676 Quae
311 627 360 666 de
381 631 467 666 arte
490 628 650 677 magica
670 629 817 667 amanti
843 640 920 667 non
944 629 1176 669 adhibenda
1197 629 1235 668 in
1260 629 1306 668 A.
1326 641 1360 668 a.
1378 628 1441 675 ΙΙ,
1460 631 1513 668 99
1531 640 1592 680 sq.
1615 629 1823 680 leguntur,
1845 627 2052 680 copiosius
2074 626 2186 667 Rem.
2204 625 2254 667 A.
2270 637 2332 666 vs.
2355 626 2438 665 249
2465 637 2526 681 sq.

175 707 372 747 expressa
387 702 494 736 sunt.
527 696 651 736 Porro
673 701 805 737 autem
828 697 1047 737 simillimis
1069 698 1205 738 verbis
1227 697 1468 737 describitur
1488 698 1611 737 R.·vs.
1625 699 1702 737 271
1725 708 1785 747 sq.
1819 697 1933 737 Circe
1951 696 2105 735 Ulixem
2127 693 2527 746 retenturarcalypao

175 764 224 804 A.
242 777 277 803 a.
296 764 349 810 II,
369 766 446 804 125
466 777 541 816 sq.,
564 777 637 805 nec
657 778 736 805 non
756 766 800 806 R.
820 779 879 806 vs.
900 767 981 806 529
1000 778 1060 818 sq.
1098 766 1254 818 Phyllis
1271 765 1320 806 ad
1338 766 1566 819 exemplum
1583 766 1794 816 Ariadnes,
1817 764 1949 818 qualis
1965 765 2013 805 A.
2031 777 2067 805 a.
2085 776 2147 806 vs.
2166 765 2263 813 351,
2284 762 2526 806 adumbrata

176 836 257 881 est,
280 834 349 873 ubi
372 834 589 886 praecipue
611 846 671 874 vs.
693 836 795 874 597:

809 904 966 944 Perfide
989 905 1276 957 Demophoon!
1299 903 1443 944 surdas
1465 904 1666 944 clamabat
1687 904 1739 944 ad
1760 904 1902 944 undas.
1936 918 1942 922 ’

174 983 388 1024 compares
409 983 498 1011 cum
524 972 572 1011 A.
590 985 625 1012 a.
646 985 681 1012 v.
707 973 808 1013 350:

819 1042 977 1082 Thesea
999 1042 1222 1082 crudelem!
1245 1043 1390 1082 surdas
1413 1042 1613 1082 clamabat
1631 1042 1682 1082 ad
1704 1041 1847 1082 undas.

173 1109 221 1148 cf.
241 1109 353 1149 Rem.
374 1112 455 1150 759
475 1122 536 1161 sq.
561 1122 649 1150 cum
672 1111 719 1150 A.
750 1123 785 1150 a.
804 1110 884 1158 ΙΙΙ,
913 1112 993 1150 329
1019 1123 1100 1162 sq.;
1131 1111 1243 1152 Rem.
1265 1113 1344 1150 777
1369 1123 1458 1151 cum
1478 1112 1612 1151 Amor.
1630 1111 1670 1158 I,
1689 1113 1736 1158 9,
1756 1113 1823 1158 33,
1856 1115 1897 1150 et
1931 1110 2102 1161 denique
2124 1110 2403 1150 Rem.·351-4
2433 1121 2523 1149 cum

175 1178 223 1217 A.
241 1190 286 1217 a:
304 1178 387 1226 ΙΙΙ,
408 1180 627 1228 209-212,
650 1178 719 1219 ubi
742 1192 778 1219 v.
799 1180 894 1220 212.

817 1248 916 1289 Cum
940 1250 1028 1288 fluit
1047 1250 1088 1288 in
1111 1250 1273 1301 tepidos
1295 1249 1473 1301 pondere
1493 1249 1613 1301 lapsa
1634 1249 1746 1289 sinus

173 1316 360 1367 congruit
380 1328 469 1356 cum
493 1329 553 1357 vs.
574 1319 677 1357 354:

818 1386 868 1426 Et
887 1387 1010 1426 fluere
1031 1387 1072 1426 in
1094 1386 1256 1438 tepidos
1279 1398 1434 1437 oesypa
1456 1386 1572 1437 lapsa
1594 1386 1719 1426 sinus.

171 1455 225 1492 At
246 1465 490 1505 quamquam
511 1455 625 1494 multi
650 1467 791 1495 versus
814 1457 869 1494 ita
890 1456 1103 1503 iterantur,
1128 1466 1231 1506 quos
1253 1455 1448 1506 plurimos
1465 1454 1581 1494 facile
1598 1453 1740 1494 afferre
1758 1465 1998 1506 possumus,
2020 1456 2154 1493 tamen
2176 1452 2216 1492 in
2238 1453 2288 1493 iis
2311 1452 2524 1494 imitatoris

171 1523 342 1574 alicujus
371 1528 496 1563 artem
528 1536 719 1574 quaerere
748 1525 857 1576 apud
881 1524 1068 1564 Ovidium
1098 1528 1205 1563 certe
1229 1536 1307 1563 non
1331 1524 1435 1563 licet.
1481 1524 1657 1563 Primum
1680 1524 1785 1562 enim
1807 1524 1842 1562 is
1866 1535 2063 1574 nusquam
2084 1523 2136 1561 ad
2158 1523 2319 1562 easdem
2344 1522 2406 1562 vel
2430 1533 2522 1574 per-

173 1603 297 1633 sonas
321 1592 383 1632 vel
406 1605 471 1633 res
494 1593 783 1634 describendas
805 1594 949 1634 iisdem
971 1594 1207 1640 sententiis,
1238 1594 1505 1639 ornamentis,
1535 1593 1671 1632 verbis
1693 1593 1749 1632 uti
1772 1592 1983 1632 dubitavit.
2027 1592 2113 1638 Sic,
2143 1595 2186 1630 ut
2217 1603 2295 1631 uno
2326 1592 2523 1641 defungar

172 1660 377 1713 exemplo,
401 1661 512 1701 Artis
535 1662 755 1702 amatoriae
779 1662 912 1710 locus,
935 1672 1014 1714 quo
1037 1662 1132 1714 fuga
1153 1661 1321 1703 Daedali
1344 1664 1383 1702 et
1399 1660 1503 1702 Icari
1525 1664 1752 1709 enarratur,
1776 1665 1817 1701 et
1838 1660 2050 1702 sententiis
2071 1663 2112 1700 et
2134 1660 2269 1700 verbis
2293 1660 2523 1703 simillimus

171 1734 235 1769 est
256 1729 366 1777 loco,
399 1730 466 1782 qui
491 1735 599 1771 extat
620 1732 659 1771 in
684 1731 774 1779 Met.
795 1731 884 1772 libr.
904 1731 1021 1781 VIII,
1039 1745 1075 1773 v.
1097 1733 1177 1772 156
1196 1744 1257 1783 sq.
1300 1731 1398 1782 Quis
1428 1736 1562 1771 autem
1593 1734 1762 1784 propter
1789 1730 1892 1771 hanc
1920 1743 2025 1780 rem,
2056 1730 2226 1770 alterum
2255 1742 2334 1770 non
2365 1728 2524 1777 Ovidio‚

171 1799 243 1838 sed
266 1799 456 1839 imitatori
478 1800 597 1839 alicui
617 1801 874 1840 tribuendum
899 1802 1127 1840 existimet?
1167 1801 1291 1840 Porro
1314 1801 1400 1847 ille,
1423 1813 1609 1851 quem-ex
1632 1799 1829 1851 Epistolis
1850 1800 1891 1838 in
1908 1800 1955 1838 A.
1975 1812 2011 1838 a.
2034 1798 2197 1851 repetiit
2216 1802 2357 1851 poeta,
2381 1809 2523 1839 versus

170 1867 374 1908 offendere
397 1880 474 1908 non
498 1873 652 1920 potest,
675 1882 795 1921 quum
819 1869 924 1910 idem
947 1869 1114 1921 saepius
1136 1869 1227 1920 fiat,
1250 1870 1358 1909 velut
1379 1869 1453 1921 Ep.
1478 1872 1523 1916 8,
1547 1871 1619 1909 80:

943 1938 1069 1978 Vecta
1090 1939 1318 1990 peregrinis
1340 1938 1615 1990 Hippodamia
1634 1937 1746 1977 rotis.

171 2007 316 2044 iterum
348 2006 495 2056 legitur
525 2007 563 2045 in
586 2008 633 2046 A.
658 2020 693 2046 a.
716 2007 776 2055 II,
801 2009 838 2047 8.
903 2006 1042 2058 Neque
1071 2007 1215 2047 mirum
1244 2010 1308 2047 est
1328 2007 1366 2046 in
1387 2010 1502 2046 tanta
1522 2017 1733 2054 versuum,
1756 2017 1857 2058 quos
1880 2006 2107 2057 composuit
2128 2004 2317 2054 Ovidius,
2345 2005 2522 2047 multitu-

168 2075 275 2121 dine,
297 2075 419 2125 quod,
443 2087 683 2126 quamquam
706 2088 892 2126 magnam
916 2088 1102 2127 operam,
1126 2076 1164 2114 id
1189 2076 1294 2126 quod
1318 2079 1462 2127 postea
1482 2075 1717 2126 apparebit,
1740 2074 1991 2130 expoliendis
2013 2074 2258 2114 carminibus
2280 2075 2404 2121 dedit,
2425 2074 2524 2115 talia

169 2144 325 2194 passim
347 2156 438 2183 eum
461 2144 699 2195 effugerunt.
762 2144 848 2183 Huc
870 2144 1042 2195 denique
1063 2144 1240 2192 accedit,
1262 2145 1368 2195 quod
1393 2144 1430 2182 in
1454 2130 1657 2183 Remediis
1679 2143 1768 2182 Am.
1791 2143 1899 2182 idem
1920 2146 2220 2194 argumentum,
2243 2143 2383 2183 eadem
2406 2154 2521 2197 prae·

168 2215 288 2265 cepta
308 2213 494 2264 quamvis
525 2213 646 2265 plane
679 2214 879 2253 contraria
906 2214 1060 2253 ratione
1085 2218 1201 2253 erant
1219 2213 1447 2261 tractanda,
1478 2216 1727 2263 quapropter
1758 2212 1908 2252 similia
1938 2212 2122 2252 similiter
2143 2212 2307 2263 saepius
2329 2225 2523 2265 expressa

167 2292 259 2321 esse
282 2281 417 2321 mirari
440 2294 519 2321 non
542 2282 649 2322 licet.
674 2303 728 2307 —
752 2280 805 2321 Ut
825 2285 958 2322 autem
987 2282 1125 2333 negari
1148 2293 1226 2322 non
1249 2285 1405 2334 potest,
1435 2293 1508 2334 pro
1537 2278 1609 2321 illa
1628 2280 1811 2321 ubertate
1832 2284 1873 2321 et
1891 2284 2086 2321 rerum-et
2106 2280 2414 2329 sententiarum,
2443 2293 2524 2332 qua

167 2351 339 2389 maxime
361 2351 535 2400 insignis
558 2355 622 2389 est
652 2351 732 2388 Ars
762 2351 979 2398 amatoria,
1011 2352 1048 2389 in
1080 2352 1208 2390 altero
1241 2351 1414 2390 carmine
1442 2350 1678 2390 tenuitatem
1707 2349 1908 2401 quandam
1935 2352 2056 2401 atque
2083 2349 2263 2402 inopiam
2290 2349 2521 2394 inveniendi

167 2419 290 2467 cerni,
313 2419 369 2459 ita
389 2419 429 2458 in
451 2419 697 2471 disponendi
719 2431 879 2470 quoque
901 2420 1055 2459 ratione
1073 2420 1266 2459 Remedia
1282 2420 1441 2460 Amoris
1463 2419 1521 2458 illi
1542 2419 1669 2458 multo
1690 2419 1976 2470 postponenda
1995 2423 2101 2459 sunt.
2135 2418 2236 2458 Nam
2254 2432 2279 2458 a
2294 2419 2340 2458 R.
2358 2431 2418 2458 vs.
2438 2421 2515 2459 291

168 2487 330 2538 singula
350 2492 583 2540 praecepta,
606 2489 753 2539 quibus
776 2492 960 2527 amantes
978 2500 1154 2527 amorem
1177 2488 1298 2527 nimis
1319 2488 1534 2528 sollicitum
1552 2474 1782 2540 opprimere
1804 2487 2010 2536 docentur,
2032 2487 2171 2528 ordine
2193 2487 2408 2528 admodum
2429 2499 2520 2539 per·
2583 2479 2586 2482 ’

166 2557 328 2596 turbato
366 2557 643 2608 proferuntur3
681 2560 822 2596 contra
858 2556 898 2595 in
927 2556 976 2595 A.
1006 2569 1041 2595 a.
1072 2556 1129 2595 ita
1165 2556 1268 2596 inter
1303 2569 1345 2597 se
1374 2556 1517 2610 juncta
1554 2560 1668 2605 sunt,
1704 2559 1749 2596 ut
1775 2556 1945 2597 alterum
1976 2567 2023 2596 ex
2057 2555 2186 2599 altero
2215 2555 2331 2608 quasi
2356 2567 2521 2609 manare

168 2626 362 2666 videatur.

282 2694 362 2735 Sed
383 2707 627 2747 quamquam
658 2696 697 2735 in
721 2696 896 2735 carmine
919 2695 1196 2746 deRemediis
1220 2696 1377 2735 Amoris
1401 2695 1649 2746 composito,
1679 2695 1713 2735 si
1746 2698 1786 2735 et
1807 2695 2036 2735 inveniendi
2059 2698 2100 2735 et
2119 2695 2362 2747 disponendi
2393 2699 2520 2735 artem

166 2768 345 2814 spectas,
369 2777 444 2804 non
468 2776 609 2804 omnes
631 2764 724 2803 illas
747 2765 936 2811 virtutes,
965 2776 1068 2815 quas
1096 2764 1136 2803 in
1160 2765 1207 2803 A.
1230 2777 1289 2810 a.,
1319 2763 1487 2803 inveniri
1520 2763 1820 2803 concedendum
1849 2767 1931 2812 est,
1961 2767 2096 2803 tamen
2125 2775 2173 2803 ex
2199 2763 2277 2803 hac
2297 2776 2378 2803 una
2397 2774 2522 2804 causa

166 2843 420 2883 nequaquam
442 2844 529 2871 cum
552 2832 760 2885 Gruppi0‚
790 2832 867 2872 hoc
897 2844 1058 2873 carmen
1088 2831 1221 2873 Ovidii
1254 2844 1331 2871 non
1361 2844 1474 2879 esse,
1505 2832 1695 2884 colligere
1724 2832 1830 2873 licet.
1878 2833 1936 2872 Ex
1962 2832 2114 2873 talibus
2144 2832 2250 2872 enim
2270 2832 2520 2884 argumentis

167 2901 268 2941 solis
292 2906 375 2940 tum
399 2902 558 2940 demum
581 2903 678 2941 certi
700 2901 796 2952 quid
820 2902 943 2941 statui
967 2902 1127 2953 poterit,
1150 2902 1185 2941 si
1207 2901 1376 2941 duorum
1398 2901 1630 2949 carminum,
1653 2913 1756 2952 quae
1776 2901 1908 2941 eidem
1929 2901 2081 2941 auctori
2102 2901 2399 2949 adscribuntur,
2419 2901 2518 2940 alte-

165 2984 253 3010 rum
276 2970 445 3011 alterius
473 2974 636 3009 auctore
665 2982 834 3022 prorsus
863 2969 1072 3021 indignum
1102 2970 1273 3010 videtur.
1321 2969 1366 3010 Id
1396 2970 1504 3021 quod
1535 2970 1584 3010 de
1613 2970 1817 3011 Remediis
1845 2971 1936 3010 Am.
1966 2982 2015 3010 ne
2044 2970 2329 3011 severissimus
2357 2970 2518 3022 quidem

166 3040 403 3095 aestimator
416 3039 633 3092 judicabit.
681 3039 767 3078 Huc
789 3040 966 3088 accedit,
989 3039 1096 3090 quod
1120 3039 1155 3079 si
1177 3039 1229 3079 ad
1251 3043 1432 3079 naturam
1454 3039 1593 3092 poesis
1615 3038 1839 3079 Ovidianae
1862 3042 2115 3091 spectamus,
2146 3051 2235 3079 eam
2256 3050 2336 3078 non
2357 3050 2520 3091 semper

166 3108 218 3147 ad
240 3108 369 3148 solam
391 3107 548 3161 pulchri
568 3107 748 3159 speciem
765 3109 1032 3159 compositam
1049 3120 1142 3148 esse
1152 3108 1238 3160 jam
1258 3112 1427 3157 veteres,
1444 3113 1488 3148 ut
1504 3107 1812 3158 Quinctilianus,
1828 3107 1994 3154 Seneca,
2011 3107 2390 3148 animadverterunt.
2423 3107 2517 3148 Ovi-

167 3177 260 3217 dius
282 3177 408 3224 enim,
437 3188 681 3228 quamquam
707 3188 848 3215 versus
871 3188 966 3216 suos
987 3177 1096 3216 haud
1118 3177 1265 3228 exigua
1285 3177 1494 3228 diligentia
1513 3182 1634 3228 atque
1656 3176 1790 3217 studio
1811 3177 2060 3228 composuit,
2088 3176 2129 3223 id
2153 3177 2261 3228 quod
2282 3176 2386 3216 infra
2405 3177 2517 3216 lucu·

165 3244 314 3285 lentius
336 3244 703 3285 demonstrabimus
718 3275 728 3293 ,
750 3249 883 3285 tamen
906 3245 945 3284 in
965 3245 1031 3285 his
1053 3257 1306 3296 nequaquam
1327 3258 1416 3285 cum
1434 3245 1610 3296 Vergilio
1631 3248 1752 3296 atque
1769 3245 1935 3286 Horatio
1962 3245 2189 3296 comparari
2211 3248 2359 3297 potest.
2404 3245 2517 3286 Unus

165 3313 272 3353 enim
304 3325 352 3354 ex
380 3313 568 3354 omnibus
598 3313 730 3366 poetis
751 3313 945 3353 Romanis
973 3326 1052 3354 non
1073 3318 1119 3354 ut
1137 3313 1197 3354 illi
1220 3326 1373 3355 summo
1405 3314 1548 3354 virium
1571 3314 1662 3355 nisu
1683 3314 1862 3355 carmina
1882 3313 2069 3366 scripsit,
2099 3314 2174 3355 sed
2195 3325 2218 3354 e
2237 3312 2345 3355 felici
2364 3312 2517 3366 ingenii
