2818 3637
1436 184 1465 232 9

284 334 452 376 tiatione
472 333 514 375 in
534 333 765 375 hexametro
787 332 873 386 jam
894 332 1081 375 absoluta
1100 332 1265 375 nova-in
1286 336 1538 386 pentametro
1558 332 1720 386 incipit,
1741 332 1859 387 hujus
1880 331 2028 374 finibus
2050 332 2171 374 etiam
2190 331 2445 373 concluditur
2464 331 2619 374 duobus

246 442 249 444 .
287 403 467 456 exceptis
487 401 589 442 locis
608 401 719 456 in-A.
742 414 778 442 a.
800 401 842 452 Ι,
866 403 1065 443 597-600
1086 405 1129 443 et
1146 402 1493 443 Rem.·539—542.

401 471 570 511 Maxime
590 474 722 511 autem
744 472 860 512 meu-i
890 471 1058 523 elegiaci
1085 474 1250 512 naturae
1277 484 1327 513 ea
1352 471 1621 525 componendi
1642 472 1828 512 convenit
1854 472 1980 520 ratio,
2008 485 2087 523 qua
2108 472 2213 512 intra
2233 471 2483 523 singulorum
2506 471 2623 510 disti—

286 541 451 581 chorum
472 539 573 581 fines
594 551 675 580 una
694 540 758 581 vel
780 540 917 593 plures
938 540 1094 593 periodi
1114 540 1389 583 absolvuntur.
1405 539 1575 593 »Neque
1603 543 1737 580 tamen
1765 541 1908 580 mirum
1937 544 2020 589 est,
2052 541 2157 592 quod
2185 541 2227 580 in
2254 544 2424 592 utroque
2445 540 2621 580 carmine

287 622 368 649 una
402 608 596 660 periodus
631 620 705 660 per
739 612 864 648 totum
902 605 1119 649 distichum
1148 621 1229 650 non
1252 609 1482 661 interrupto
1510 609 1804 660 quodammodo
1840 609 2001 650 flumine
2037 609 2253 650 decurrens
2288 621 2379 649 raro
2414 609 2627 648 invenitur.

286 677 397 717 Haec
417 675 523 717 enim
542 676 645 717 ratio
667 676 851 728 dicendi,
879 689 1001 729 quum
1021 677 1194 729 quietior
1219 680 1341 729 atquc
1362 676 1572 718 sublimior
1598 677 1673 725 sit,
1703 677 1842 718 mobili
1873 677 1932 717 illi
1961 677 2114 718 levitati
2138 677 2276 729 poesis
2300 676 2522 717 Ovidianae
2544 688 2623 716 non

287 748 386 797 apta
412 748 486 784 est.
534 743 675 796 Itaque
703 745 959 786 inveniuntur
985 746 1027 786 in
1054 746 1104 786 A.
1135 758 1172 785 a.
1200 746 1303 785 haec
1328 749 1484 786 tantum
1510 746 1715 798 exempla:
1755 746 1796 795 Ι,
1829 749 1927 793 133,
1959 749 2003 786 4:

840 813 1005 854 Scilicet
1023 825 1071 854 ex
1098 814 1169 853 illo
1191 813 1402 854 sollemnia
1419 824 1530 855 more
1550 814 1707 854 theatra

925 881 1040 923 Nunc
1060 894 1218 935 quoque
1237 882 1453 924 formonsis
1473 882 1672 923 insidiosa
1691 886 1864 924 manent.

294 952 386 1000 171,
409 950 448 992 2.
471 950 567 1000 293,
590 953 630 992 4.
654 951 753 1001 299,
773 953 869 993 300.
893 953 989 1002 625,
1012 953 1108 993 626.
1132 953 1230 1002 231,
1252 946 1347 993 232.
1378 953 1473 1002 629,
1496 953 1598 1003 630,
1629 951 1689 1002 ΙΙ,
1716 954 1755 1002 5,
1779 954 1817 994 6.
1841 954 1907 1000 55,
1931 953 1999 993 56.
2029 953 2124 1000 285,
2150 952 2246 992 286.
2281 953 2377 1000 381,
2402 952 2505 1000 382,
2527 962 2627 1002 quos

289 1019 505 1061 Merkelius
525 1023 636 1061 recte
655 1020 773 1062 obelo
794 1021 968 1071 notavit,
1002 1023 1100 1072 561,
1122 1022 1217 1062 562.
1247 1022 1344 1070 563,
1366 1023 1461 1062 564.
1499 1020 1576 1071 ΙΠ,
1602 1023 1668 1071 15,
1693 1023 1757 1062 16.
1787 1022 1883 1071 321,
1914 1022 2009 1062 322.
2042 1022 2137 1071 323,
2161 1023 2258 1062 324.
2283 1022 2380 1070 687,
2411 1022 2507 1061 688.
2533 1021 2628 1067 693,

291 1088 388 1130 694.
420 1089 533 1130 Rem.
560 1091 626 1137 17,
654 1091 717 1130 18.
746 1092 840 1139 113,
867 1085 960 1131 114.
984 1092 1079 1140 607,
1104 1092 1198 1131 608.
1224 1092 1321 1142 617,
1344 1092 1440 1132 618.
1463 1092 1561 1139 753,
1584 1092 1666 1131 754

403 1157 575 1199 Mutavit
593 1162 725 1199 autem
747 1162 869 1212 poeta
887 1158 992 1200 hanc
1020 1147 1283 1201 distichorum
1304 1159 1473 1201 formam
1493 1159 1698 1200 nonnullis
1719 1159 1899 1200 artificiis
1912 1190 1923 1209 ,
1951 1162 1996 1200 ut
2015 1159 2200 1199 vocativo
2221 1160 2261 1199 in
2283 1162 2537 1212 pentametro
2558 1159 2629 1198 ad·

289 1228 394 1275 dito,
430 1227 479 1268 cf.
501 1227 549 1267 A.
572 1239 609 1267 a.
640 1227 682 1275 I,
713 1229 781 1276 27,
813 1229 881 1269 28.
926 1228 1038 1269 Rem.
1069 1230 1166 1278 607,
1197 1230 1292 1269 608.
1321 1233 1390 1268 aut
1409 1229 1699 1281 polysyndeto‚
1732 1232 1777 1269 ut
1805 1230 1845 1269 in
1866 1229 1978 1269 Rem.
2003 1230 2098 1278 753,
2123 1231 2227 1278 754,
2259 1233 2329 1268 aut
2355 1229 2629 1282 appositione,

289 1299 334 1335 ut
352 1295 461 1335 in‘A.
483 1308 521 1335 a.
542 1295 585 1344 I,
611 1297 810 1343 155,156

644 1364 663 1403 Ι
677 1395 687 1413 ,
710 1366 761 1404 27
775 1395 786 1414 ,
809 1366 884 1406 28:
931 1366 1014 1407 Nec
1033 1366 1131 1406 mihi
1151 1369 1247 1406 sunt
1266 1366 1378 1407 visae
1399 1365 1486 1407 Clio
1509 1365 1699 1417 Cliusque
1721 1377 1881 1407 sorores

1012 1434 1197 1475 Servanti
1218 1434 1395 1487 pecudes
1415 1434 1612 1482 vallibus,
1634 1434 1764 1475 Ascra
1782 1435 1877 1476 tuis.
1926 1433 1930 1436 ’

576 1502 687 1542 Rem.
713 1504 814 1552 607,
838 1505 883 1543 8:
929 1490 1126 1555 Phyllidis
1148 1503 1332 1556 exemplo
1352 1503 1518 1543 nimium
1544 1507 1701 1543 secreta
1719 1504 1873 1552 timeto,

1013 1571 1140 1613 Laese
1161 1572 1225 1612 vir
1244 1584 1269 1612 a
1289 1572 1469 1622 domina,
1490 1572 1604 1613 laesa
1624 1572 1761 1624 puella
1780 1572 1880 1612 viro.

580 1639 692 1680 Rem.
717 1641 819 1689 753,
843 1642 888 1679 4:
934 1640 1139 1681 Enervant
1158 1641 1314 1682 animos
1335 1641 1510 1682 citharae
1531 1640 1717 1693 lotosque
1737 1641 1926 1692 lyraeque
1999 1668 2003 1671 «

1013 1708 1064 1748 Et
1084 1721 1161 1749 vox
1182 1713 1225 1748 et
1241 1710 1417 1749 numeris
1437 1710 1606 1751 brachia
1623 1713 1722 1749 nota
1742 1710 1838 1749 suis.

292 1775 570 1816 Praedicatum
601 1775 773 1827 denique
794 1776 834 1815 in
855 1776 919 1817 his
941 1777 1137 1829 exemplis
1158 1777 1342 1817 ultimum
1362 1778 1495 1818 locum
1513 1778 1753 1830 pentametri
1781 1778 1961 1818 obtinere
1982 1777 2098 1817 solet.

404 1844 529 1885 Multo
548 1844 796 1896 frequentius
827 1845 930 1885 duae
959 1846 1256 1887 enuntiationes
1284 1846 1325 1886 in
1356 1858 1438 1890 uno.
1462 1846 1637 1887 disticho
1665 1850 1822 1898 extant,
1854 1851 1894 1886 et
1922 1846 2094 1898 primum
2115 1845 2278 1897 quidem
2298 1845 2355 1885 ita
2374 1845 2628 1894 distributae,

290 1918 334 1953 ut
353 1914 537 1965 singulae
559 1914 731 1964 singulis
751 1915 1015 1955 absolvantur
1041 1916 1242 1956 versibus.
1287 1915 1335 1955 In
1362 1916 1409 1955 A.
1431 1927 1468 1955 a.
1501 1916 1606 1956 libro
1638 1916 1768 1967 primo
1796 1915 1919 1965 igitur
1946 1915 2157 1965 sexaginta
2185 1918 2356 1966 quatuor
2383 1914 2558 1954 disticha
2578 1916 2634 1954 ita

291 1986 385 2023 sunt
406 1983 644 2034 composita,
665 1987 710 2022 ut
726 1987 767 2022 et
782 1996 924 2024 versus
941 1983 1101 2039 longior
1121 1987 1165 2024 et
1181 1984 1342 2025 brevior
1359 1984 1530 2035 singulis
1546 1984 1825 2037 compleantur
1846 1983 2188 2023 enuntiationibus
2210 1982 2434 2035 primariis;
2457 1983 2497 2022 in
2518 1983 2629 2023 Rem.

292 2051 583 2103 quinquaginta
603 2055 713 2101 octo;
736 2063 902 2103 quorum
924 2052 964 2092 in
987 2052 1173 2105 plurimis
1193 2052 1403 2106 anaphora
1417 2052 1486 2093 vel
1506 2052 1610 2093 aliae
1629 2052 1894 2106 repetitiones
1910 2051 2198 2105 particularum
2221 2052 2378 2092 vicibus
2398 2052 2630 2104 funguntur.

291 2119 384 2159 Sed*
393 2120 653 2171 amplificatio
674 2121 757 2168 illa,
779 2133 859 2171 qua
879 2122 1080 2160 sententia
1099 2122 1235 2174 priore
1251 2134 1372 2162 versu
1388 2133 1582 2173 expressa
1602 2122 1786 2162 similiter
1803 2121 1938 2161 verbis
1958 2125 2115 2161 tantum
2134 2121 2300 2160 mutatis
2323 2121 2361 2160 in
2379 2125 2630 2172 pentametro

291 2189 508 2241 repetitur,
538 2187 682 2229 Ovidio
697 2219 707 2238 ,
737 2189 888 2241 quippe
909 2201 1030 2241 quum
1058 2190 1192 2231 animo
1214 2194 1326 2231 esset
1344 2190 1537 2232 alacriore
1567 2194 1687 2242 atque
1707 2190 1926 2240 vividiore,
1955 2190 2087 2230 miuus
2109 2189 2263 2242 placuit
2281 2201 2402 2241 quam
2423 2189 2633 2242 Propertio

294 2260 418 2308 atque
439 2257 612 2298 Tibullo.
669 2256 729 2297 cf.
750 2260 884 2298 tamen
904 2257 946 2306 Ι,
977 2260 1045 2307 33,
1067 2260 1135 2299 34.
1169 2258 1230 2308 II,
1257 2260 1357 2307 153,
1388 2259 1482 2298 154.
1504 2260 1602 2307 437,
1625 2260 1663 2299 8.
1693 2259 1791 2308 591,
1813 2259 1851 2298 2.
1876 2259 1971 2307 639,
1995 2259 2089 2298 640.
2128 2257 2210 2306 ΙΙΙ,
2241 2259 2337 2307 247,
2371 2259 2466 2299 248.
2497 2258 2544 2298 R.
2567 2259 2633 2306 27,

297 2325 364 2365 28.
387 2326 464 2374 69,
487 2326 554 2365 70.
581 2326 680 2375 107,
705 2327 806 2365 108:

929 2393 1124 2436 Hostibus
1147 2395 1309 2436 eveniat
1327 2399 1408 2435 tam
1429 2395 1538 2436 foedi
1559 2407 1683 2448 causa
1702 2387 1888 2448 pudoris,

1020 2462 1146 2516 inque
1167 2476 1292 2506 nurus
1311 2463 1483 2505 Parthas
1504 2464 1680 2506 dedecus
1700 2464 1799 2505 illud
1820 2468 1897 2505 eat.

293 2529 448 2572 Deinde
464 2530 612 2583 singuli
634 2543 776 2572 versus
797 2532 952 2584 passim
973 2532 1143 2585 siugulis
1161 2532 1412 2585 complentur
1436 2533 1778 2573 enuntiationibus
1799 2533 1869 2582 ita,
1890 2536 1934 2572 ut
1949 2532 2078 2572 altera
2094 2532 2266 2572 diversis
2284 2532 2489 2584 particulis
2511 2532 2627 2571 alteri

295 2601 507 2654 subjuncta
534 2602 598 2642 sit.
626 2601 769 2659 [Cujus
791 2603 949 2652 generis
969 2602 1011 2642 in
1038 2602 1150 2642 Rem.
1172 2602 1338 2653 triginta
1357 2606 1535 2654 septem,
1556 2603 1597 2642 in
1618 2603 1666 2642 A.
1689 2616 1725 2642 a.
1747 2603 1817 2643 lib.
1841 2602 1871 2642 Ι.
1892 2602 2036 2653 viginti
2057 2606 2227 2653 quatuor
2248 2604 2382 2641 extant
2402 2600 2585 2640 disticha.

411 2669 491 2710 Sed
507 2670 682 2710 disticha
701 2670 777 2710 hac
796 2670 952 2711 ratione
969 2671 1208 2723 composita,
1231 2671 1267 2710 si
1287 2670 1465 2711 crebrius
1484 2670 1676 2719 redirent,
1699 2671 1875 2711 taedium
1897 2671 2086 2711 afferrent
2105 2670 2321 2709 lectoribus
2341 2668 2632 2720 redderentque

295 2738 474 2786 carmina
509 2738 712 2789 languida.
773 2737 888 2788 Quod
916 2750 1038 2790 quum
1066 2739 1169 2779 bene
1195 2739 1461 2790 intelligeret,
1495 2739 1663 2780 Ovidius
1699 2740 1912 2791 aliquoties
1942 2738 2123 2778 variandi
2151 2749 2272 2777 causa
2303 2736 2631 2784 enuntiationem,

296 2799 377 2856 qua
396 2806 508 2859 prior
528 2807 753 2859 completur
773 2818 914 2847 versus
929 2837 939 2856 ,
960 2808 1001 2847 in
1022 2808 1193 2848 alterum
1213 2808 1413 2860 produxit.
1459 2808 1553 2848 Jam
1573 2809 1623 2848 ad
1643 2809 1721 2848 hoc
1741 2808 2022 2849 illustrandum
2042 2807 2141 2847 haec
2161 2817 2364 2857 apponam
2385 2806 2588 2857 exempla:

591 2875 633 2924 I,
660 2877 760 2931 185,
785 2873 886 2916 186:
933 2875 1143 2926 Ingenium
1165 2875 1340 2918 caeleste
1361 2876 1445 2917 suis
1465 2876 1645 2917 velocius
1667 2876 1784 2916 annis

958 2943 964 2945 “
1019 2943 1158 2996 Surgit
1176 2948 1217 2986 et
1235 2944 1406 2996 ignavae
1426 2944 1504 2984 fert
1523 2945 1628 2985 male
1650 2945 1796 2985 damna
1816 2955 1962 2984 morae.

297 3009 348 3052 cf.
374 3011 475 3062 187,
503 3013 595 3053 188.
628 3012 739 3053 Rem.
763 3013 868 3062 227,
891 3014 986 3055 228.
1024 3013 1074 3054 A.
1096 3026 1133 3054 a.
1157 3015 1254 3064 543,
1277 3015 1379 3054 544:

933 3082 1078 3123 Ebrius
1092 3113 1102 3131 ‚
1136 3094 1247 3130 ecce,
1271 3095 1392 3124 senex
1413 3081 1546 3134 pando
1568 3081 1726 3122 Silenus
1747 3080 1873 3121 asello

1024 3150 1101 3192 Vix
1121 3149 1237 3193 sedet
1257 3154 1297 3192 et
1316 3161 1482 3204 pressas
1504 3150 1682 3191 continet
1701 3152 1787 3188 arte
1801 3148 1937 3201 Jubas.

296 3212 337 3262 1,
360 3216 465 3265 351,
488 3218 584 3258 352.
609 3219 712 3267 367,
736 3220 831 3260 368.
855 3221 959 3269 491,
980 3220 1077 3259 492.
1101 3221 1205 3268 543,
1228 3221 1324 3261 544.
1347 3221 1448 3266 569,
1472 3220 1568 3259 570.
1593 3219 1696 3266 635,
1720 3218 1814 3257 636.
1838 3218 1942 3263 653,
1966 3217 2062 3255 654.
2101 3214 2213 3255 Rem.
2238 3217 2308 3268 73,
2330 3218 2397 3257 74.
2425 3218 2518 3266 155,
2545 3219 2637 3256 156.

300 3283 396 3333 189,
420 3284 515 3325 190.
537 3286 636 3336 429,
657 3287 754 3327 430.
795 3317 801 3320 -
1538 3310 1539 3313 ’

309 3349 313 3352 .
600 3380 604 3384 .
2342 3349 2364 3383 2
