2818 3637
1401 157 1463 205 10

412 306 462 345 A.
483 319 523 347 a.
542 306 582 354 1,
606 308 703 356 253,
725 307 830 348 254:
876 304 982 356 Quid
1003 306 1078 347 tibi
1099 306 1295 352 femineos
1319 310 1465 347 coetus
1478 307 1694 349 venatibus
1712 309 1837 359 aptos

981 375 1248 416 Enumerem?
1270 387 1434 416 numero
1456 376 1573 416 cedet
1591 387 1715 421 arena
1734 387 1838 416 meo.

249 442 365 485 Rem.
393 445 492 492 127,
520 444 612 484 128.
637 444 740 491 783,
764 445 860 485 784.

368 512 501 553 Semel
522 516 656 553 autem
679 513 902 554 enuntiatio
923 512 1035 565 prior
1053 513 1187 556 medio
1204 513 1364 555 demum
1380 490 1635 566 pentametro
1653 512 1823 555 finitur
1810 525 1864 554 m
1875 488 1985 554 Rem.
2011 514 2115 561 707,
2138 515 2184 553 8.

894 581 1042 623 Confer
1056 574 1288 634 Amyclaeis
1309 582 1549 624 medicatum
1569 582 1701 624 vellus
1719 581 1833 624 aenis

982 650 1132 692 Murice
1153 663 1244 692 cum
1266 651 1399 702 Tyrio.
1421 651 1580 703 turpius
1600 649 1699 692 illud
1720 650 1807 692 erit.

252 719 411 760 Passim
435 719 607 770 denique
630 719 743 771 prior
763 719 985 760 enuntiatio
1005 721 1238 761 hexametro
1260 719 1435 760 nondum
1456 718 1646 762 absoluto
1665 718 1786 760 finem
1804 718 1973 771 accipit,
1998 722 2042 759 ut

413 788 463 827 A.
486 800 523 827 a.
545 786 586 836 I,
614 789 716 837 159,
743 789 844 828 16οε
890 788 1021 828 Parva
1041 788 1154 829 leves
1183 787 1350 840 capiunt
1366 787 1537 829 animos.
1560 788 1637 828 fuit
1654 787 1752 829 utile
1772 787 1911 829 multis

978 856 1192 897 Pulvinum
1219 856 1328 897 facili
1348 857 1630 909 composuisse
1650 869 1782 898 manu.

254 926 320 974 15,
347 926 412 965 16.
435 927 534 974 509,
557 927 655 976 510.
681 927 774 965 703.
811 925 923 965 Rem.
947 926 987 974 5,
1011 927 1048 965 6.
1073 926 1177 974 241,
1201 927 1296 966 242.
1322 926 1419 973 639,
1442 924 1539 965 640.
1562 926 1660 973 323,
1683 926 1783 970 324.
1807 926 2020 973 199,-200.
2042 925 2139 972 489,
2162 925 2257 964 490.
2281 926 2379 972 359,
2401 926 2498 965 360.

366 993 536 1033 Maxime
557 998 691 1034 autem
708 993 854 1033 Ovidio
871 993 1111 1045 placuerunt
1129 994 1284 1033 minuta
1303 993 1374 1032 illa
1393 993 1496 1042 cola,
1518 1005 1620 1044 quae
1640 993 1878 1044 loquacitati
1898 993 1985 1045 ejus
2001 992 2142 1034 subtili
2162 995 2206 1032 et
2223 985 2599 1034 innumerisrerum

248 1062 466 1103 momentis
487 1061 736 1114 exponendis
757 1060 993 1112 ingeniosae
1016 1062 1170 1115 optime
1191 1064 1475 1104 convenerunt.
1521 1061 1571 1102 Id
1591 1061 1700 1114 quod
1720 1061 1757 1102 ei
1778 1061 2001 1114 opprobrio
2022 1061 2118 1104 dare
2139 1072 2219 1101 non
2241 1070 2482 1113 possumus,
2503 1059 2539 1101 si
2559 1062 2601 1099 et

248 1130 302 1170 ad
323 1142 452 1182 genus
473 1130 611 1182 poesis
632 1133 674 1170 et
691 1129 745 1170 ad
766 1129 933 1181 elegans
954 1130 1056 1171 illud
1075 1134 1308 1184 spectamus
1325 1130 1544 1183 judicium,
1573 1142 1653 1182 quo
1673 1129 1818 1171 ductus
1847 1134 1971 1183 poeta
1999 1130 2169 1171 formam
2189 1129 2438 1181 argumentis
2451 1127 2597 1179 ,singu-

249 1199 380 1239 lorum
401 1199 579 1239 locorum
601 1198 857 1251 aptissimam
878 1199 1091 1240 invenerit.
1138 1198 1253 1249 Quod
1274 1198 1365 1252 pari
1384 1199 1540 1240 ratione
1570 1199 1610 1239 in
1636 1203 1807 1250 utroque
1837 1199 2013 1242 cernitur
2033 1199 2222 1241 carmine.
2266 1197 2598 1239 Primumautem

250 1278 390 1309 eorum
412 1267 692 1317 distichorum,
714 1279 817 1321 quae
837 1271 922 1309 tres
943 1267 1149 1309 continent
1169 1267 1486 1317 enuntiationes,
1507 1268 1685 1310 rationes
1706 1267 1999 1310 usitatissimae
2019 1267 2097 1310 has
2118 1270 2231 1309 sunt:

675 1336 716 1386 1,
743 1340 779 1386 1,
803 1338 848 1376 2:
895 1337 938 1376 Si
959 1337 1049 1388 quis
1070 1337 1111 1376 in
1130 1337 1208 1377 hoc
1228 1341 1355 1377 artem
1376 1337 1531 1389 populo
1552 1348 1631 1376 non
1653 1336 1767 1378 novit
1781 1337 1957 1386 amandi,

980 1405 1068 1446 Hoc
1096 1406 1209 1457 legat
1227 1410 1268 1446 et
1288 1406 1392 1447 lecto
1415 1406 1591 1446 carmine
1612 1406 1756 1447 doctus
1776 1409 1895 1446 amet.

752 1470 814 1526 (in
834 1473 883 1515 A.
905 1487 942 1514 a.
964 1474 1034 1515 lib.
1056 1474 1089 1516 Ι.
1112 1478 1254 1526 quater
1274 1478 1316 1516 et
1335 1474 1480 1524 vicies,
1501 1475 1542 1515 in
1563 1474 1675 1516 Rem.
1697 1474 1852 1527 septies
1873 1477 1915 1515 et
1933 1472 2093 1523 vicies.)

607 1542 647 1590 I,
671 1544 744 1590 39,
768 1545 845 1581 40:
892 1542 1063 1583 Saucius
1083 1543 1282 1594 ingemuit
1301 1543 1505 1595 telumque
1526 1543 1692 1583 volatile
1713 1543 1842 1583 sensit

976 1612 1029 1652 Et
1057 1624 1155 1664 pars
1177 1613 1352 1663 spectati
1372 1612 1551 1656 muneris
1572 1612 1663 1664 ipse
1683 1612 1770 1652 fuit.

791 1704 800 1712 -
863 1679 924 1728 (in
945 1679 994 1719 A.
1017 1692 1054 1719 a.
1076 1679 1146 1720 lib.
1168 1679 1202 1720 I.
1225 1680 1370 1729 vicies,
1399 1680 1439 1720 in
1461 1679 1574 1723 Rem.
1596 1680 1750 1733 septies
1772 1682 1814 1721 et
1833 1678 1991 1731 vicies.)
2011 1714 2017 1718 .

545 1747 586 1796 Ι,
614 1749 690 1787 137
703 1777 714 1796 ,
742 1749 842 1788 138:
888 1747 954 1788 Nil
983 1760 1087 1801 opus
1109 1752 1174 1789 est
1192 1748 1355 1800 digitis,
1376 1760 1449 1801 per
1470 1760 1574 1800 quos
1593 1760 1743 1790 arcana
1761 1748 1954 1803 loquaris,

978 1817 1063 1858 Nec
1082 1818 1156 1859 tibi
1177 1830 1251 1870 per
1271 1822 1393 1858 nutus
1414 1817 1653 1870 accipienda
1671 1821 1770 1859 nota
1788 1822 1863 1858 est.

941 1886 1004 1936 (in
1023 1887 1073 1927 A.
1095 1900 1132 1928 a.
1155 1887 1304 1936 octies,
1324 1887 1365 1927 in
1386 1886 1499 1929 Rem.
1521 1886 1774 1939 duodecies.)

603 1953 647 2003 I,
672 1955 747 2003 23,
771 1956 844 1996 24:
892 1953 980 2006 Quo
1000 1967 1066 1995 me
1086 1954 1174 1996 fixit
1192 1956 1338 2006 Amor,
1360 1966 1439 2008 quo
1461 1967 1526 1997 me
1547 1955 1764 1997 violentius
1785 1955 1901 2004 ussit,

975 2024 1064 2065 Hoc
1083 2025 1226 2065 melior
1244 2025 1341 2065 facti
1363 2025 1543 2065 vulneris
1564 2025 1670 2065 ultor
1691 2036 1772 2064 ero.

247 2091 345 2132 767.
375 2089 608 2140 R.11,12.
633 2092 700 2140 77,
724 2092 790 2133 78.
815 2093 911 2141 713,
935 2094 1031 2133 714.
1308 2101 1313 2105 '

361 2158 473 2210 Quas
501 2159 654 2200 formas
685 2160 743 2200 ita
772 2161 944 2201 variavit
971 2165 1111 2214 poeta,
1139 2165 1185 2202 ut
1211 2175 1333 2203 unam
1354 2174 1403 2204 ex
1423 2162 1554 2204 tribus
1583 2161 1925 2203 enuntiationibus
1946 2160 2047 2202 etin
2070 2125 2323 2213 pentametro
2343 2164 2384 2200 et
2412 2160 2455 2200 in
2474 2159 2594 2201 hexa-

242 2231 372 2267 metro
394 2232 577 2279 poneret.
629 2228 849 2268 Difficilior
863 2233 997 2269 tamen
1024 2230 1095 2269 illa
1121 2231 1337 2271 verborum
1365 2231 1602 2279 collocatio,
1632 2242 1752 2281 quam
1779 2241 1904 2282 saepe
1935 2242 1961 2269 a
1980 2229 2192 2282 Propertio
2228 2232 2463 2280 usurpatam
2484 2228 2594 2268 vide-

243 2308 358 2345 mus,
379 2296 475 2335 huic
496 2297 618 2348 plane
640 2296 871 2353 displicuit,
892 2297 950 2336 ita
970 2301 1014 2337 ut
1033 2310 1123 2337 raro
1145 2298 1248 2339 tales
1270 2310 1426 2347 versus,
1449 2299 1581 2350 qualis
1602 2299 1698 2338 hic'
1688 2311 1728 2338 m
1749 2298 1798 2339 A.
1821 2311 1858 2337 a.
1881 2298 1921 2346 Ι,
1951 2298 2019 2346 49,
2043 2298 2118 2348 50,
2148 2296 2421 2338 inveniantur:

888 2366 947 2406 Tu
968 2378 1148 2418 quoque,
1168 2368 1378 2408 materiam
1398 2368 1521 2419 longo
1543 2368 1610 2419 qui
1631 2368 1793 2418 quaeris
1813 2367 1954 2415 amori,

976 2436 1082 2476 Ante
1103 2436 1292 2488 frequens
1314 2449 1392 2487 quo
1412 2429 1488 2485 sit,
1509 2436 1642 2485 disce,
1664 2436 1819 2487 puella,
1841 2436 1943 2475 loco.

243 2500 361 2554 Quod
391 2501 498 2542 idem
530 2502 892 2544 animadvertimus
919 2503 961 2543 in
989 2503 1062 2552 iis,
1084 2515 1186 2555 quae
1207 2508 1379 2556 quatuor
1405 2504 1725 2556 complectuntur
1752 2503 2070 2550 enuntiationes,
2099 2502 2299 2551 distichis,
2325 2512 2495 2552 quorum
2516 2502 2593 2542 fre·

241 2570 509 2622 quentissima
528 2576 648 2624 atque
670 2570 803 2612 Ovidii
824 2572 996 2613 maxime
1016 2572 1185 2625 propria
1204 2573 1308 2613 ratio
1329 2577 1393 2613 est
1410 2573 1533 2614 haec·

595 2640 832 2689 I‚17,18:
862 2642 1084 2686 Aeacidae
1104 2641 1275 2689 Chiron,
1304 2653 1380 2692 ego
1402 2654 1491 2682 sum
1514 2646 1754 2694 praeceptor
1773 2642 1948 2682 Amoris.

968 2697 1125 2751 Saevus
1145 2714 1314 2761 uterque
1334 2723 1446 2763 puer.
1469 2714 1588 2753 natus
1609 2714 1776 2763 uterque
1796 2711 1886 2751 dea.

239 2779 310 2820 ubi
331 2778 443 2821 duo
432 2792 474 2819 in
496 2778 667 2830 singulis
690 2779 878 2821 versibus
899 2780 1083 2822 membra
1103 2783 1378 2833 opponuntur.
1410 2780 1458 2820 cf.
1483 2779 1661 2821 similia
1651 2793 1690 2820 m
1711 2779 1911 2830 1,9,10.
1943 2780 2103 2828 29,30.
2137 2778 2591 2828 121,122.195,196.

239 2849 336 2896 275,
360 2848 458 2888 276.
477 2849 574 2895 309,
597 2849 692 2888 310.
716 2850 812 2898 377,
837 2850 931 2889 378.
956 2850 1053 2897 493,
1077 2850 1173 2889 494.
1197 2850 1296 2898 499,
1319 2850 1416 2889 500.
1440 2851 1536 2900 641,
1560 2850 1654 2889 642.
1686 2849 1732 2890 R.
1761 2850 1854 2895 187,
1883 2850 1975 2890 188.
2010 2849 2078 2897 63,
2102 2849 2169 2888 64.
2192 2849 2262 2897 93,
2283 2848 2350 2889 94.
2374 2847 2471 2895 335,
2495 2845 2590 2886 336.

239 2917 337 2966 385,
360 2916 458 2957 386.
483 2916 581 2965 525,
604 2916 700 2955 526.

352 2984 494 3036 Neque
525 2987 660 3025 tamen
690 2983 731 3023 in
760 2984 824 3024 his
854 2984 1036 3025 substitit
1064 2984 1254 3031 Ovidius,
1284 2985 1356 3025 sed
1387 2985 1427 3026 in
1456 2997 1537 3026 uno
1566 2984 1739 3026 disticho
1769 2985 1892 3026 etiam
1921 2984 2096 3036 quinque
2125 2984 2189 3026 vel
2210 2995 2281 3026 sex
2302 2983 2392 3024 cola
2410 2981 2589 3024 admisit.

237 3052 335 3092 Sic
324 3064 365 3092 ln
386 3053 435 3092 A.
458 3065 495 3092 a.
518 3052 561 3100 I,
586 3053 654 3099 91,
678 3053 753 3091 92:

881 3120 970 3160 Illic
989 3121 1193 3170 invenies,
1215 3121 1323 3172 quod
1353 3133 1493 3171 ames,
1511 3119 1619 3171 quod
1641 3120 1779 3161 ludere
1800 3120 1953 3172 possis,

968 3188 1165 3241 Quodque
1186 3190 1311 3231 semel
1333 3194 1501 3240 tangas,
1523 3188 1712 3241 quodque
1732 3192 1868 3231 tenere
1889 3189 2005 3230 velis.

235 3256 306 3307 41,
326 3255 397 3298 42.
424 3257 518 3307 167,
545 3258 638 3298 168.
662 3257 760 3307 345,
785 3257 882 3298 346.
906 3257 1003 3306 477,
1027 3259 1064 3298 8.
1088 3259 1186 3308 503,
1208 3261 1248 3299 4.
1273 3259 1370 3308 601,
1393 3259 1431 3300 2.
1456 3258 1613 3315 717,-8.
1637 3258 1733 3307 737,
1756 3259 1794 3298 8.
1825 3257 1938 3300 Rem.
1961 3258 2001 3308 7,
2016 3258 2054 3298 8.
2080 3257 2175 3307 137,
2192 3258 2230 3298 8.
2259 3257 2353 3307 143,
2371 3257 2410 3298 4.
2437 3256 2531 3305 151,
2548 3254 2588 3296 2.
