2818 3637
1390 157 1452 207 12

242 310 348 358 253,
368 310 410 349 5.
432 310 539 360 683,
556 311 596 350 5.
623 309 690 358 11,
711 310 752 356 5,
771 309 809 348 7.
838 310 939 358 107,
956 310 995 348 9.
1018 309 1124 358 401,
1143 310 1181 349 3.
1213 309 1316 357 683,
1334 310 1373 349 5.
1405 309 1594 363 709,11.
1620 310 1722 357 723,
1745 309 1786 348 5.
1809 306 1900 361 ΙΙΙ,
1922 309 1996 356 11,
2017 308 2082 349 13.
2105 307 2266 356 321,3.
2291 307 2393 355 163,
2411 308 2451 348 5.
2478 306 2591 348 Rem.

246 379 294 417 17
311 407 322 425 ‚
348 379 411 418 19.
440 379 541 427 189,
561 379 628 418 91.
652 378 756 425 261,
779 378 818 417 3.
841 377 945 426 429,
965 378 1031 416 31.
1055 377 1162 426 549,
1179 378 1247 417 51.
1287 377 1340 417 Et
1359 376 1425 417 hic
1444 387 1605 429 quoque
1626 376 1689 417 vis
1710 375 1866 428 figurae
1886 375 2042 429 passim
2061 374 2275 426 minui-tur,
2296 373 2403 427 quod
2423 374 2593 417 alterum

245 447 489 488 vocabulum
510 458 590 486 non
612 436 787 498 primum
808 457 954 487 versus
974 445 1118 485 locum.
1129 445 1286 486 obtinet
1305 449 1352 486 ut
1369 446 1412 486 in
1422 445 1480 491 A.
1499 458 1537 485 a.
1558 445 1636 494 111,
1650 446 1746 495 173,
1764 447 1804 487 5.
1824 445 1936 491 Rem·
1951 445 2047 494 763,
2065 446 2104 484 5·
2121 448 2192 485 tut
2211 443 2440 498 conjunctio
2460 443 2597 497 aliqua

243 515 386 556 addita
407 519 470 555 est
489 518 535 554 ut
553 514 594 562 I,
614 516 690 562 93,
708 516 747 555 5.
789 514 1059 565 Frequentius
1079 517 1213 553 autem
1235 515 1444 565 anaphora
1464 514 1669 565 singulis
1654 527 1699 554 in
1717 514 1908 556 versibus
1924 513 1979 552 ab
2001 512 2146 554 Ovidio
2166 517 2364 565 usurpata
2380 516 2468 561 est,
2488 525 2594 553 sem-

247 595 401 637 perque
422 583 506 624 fere
526 583 605 632 ita,
626 586 672 623 ut
691 582 933 624 vocabulum
954 582 1170 635 repetitum
1193 582 1332 623 statim
1352 586 1449 637 post
1477 594 1687 632 caesuram
1706 581 1858 627 habeat
1885 581 2032 624 locum.
2072 579 2162 633 Qua
2187 581 2343 629 ratione
2373 580 2595 624 hexametri

248 652 465 706 compositi
488 656 582 693 sunt
601 653 665 693 hi:

625 721 665 769 I,
690 722 764 762 23.
811 716 905 771 Quo
927 730 995 762 me
1015 720 1103 760 fixit
1122 720 1268 769 Amor,
1291 731 1376 774 quo
1395 731 1461 761 me
1478 698 1700 762 violentius
1721 720 1837 763 ussit.

248 793 339 832 173.
363 792 460 831 355.
484 791 580 830 371.
603 791 700 829 475.
725 791 822 829 563.
847 791 957 829 601.
947 790 1064 828 70.9
1090 790 1186 828 771.
1209 788 1272 837 Π,
1298 790 1394 831 263.
1418 790 1515 831 291.
1538 791 1635 831 307.
1657 791 1756 839 385.
1778 791 1874 832 461.
1897 789 1978 838 ΠΙ,
2009 791 2105 830 307.
2136 791 2232 829 347.
2257 791 2354 830 387.
2378 791 2456 829 541
2482 790 2594 830 Rem.

244 861 340 900 363.
364 860 460 899 789.
502 858 608 898 Aliis
630 869 773 905 versus
795 856 896 897 locis
916 856 1023 896 idem
1046 856 1291 897 vocabulum
1311 857 1588 901 enuntiatione
1605 858 1736 901 altera
1753 859 1916 901 ineunte
1934 857 2131 911 repetitur
2151 858 2190 899 in
2206 852 2287 907 111,
2311 860 2345 898 1.
2365 859 2461 905 309.
2482 857 2594 899 Rem.

246 931 327 969 283
342 958 353 977 ,
375 928 445 968 ubi
467 927 659 967 Jahnium
683 938 918 978 sequamur,
942 927 1038 965 489.
1064 926 1130 966 77.
1154 924 1265 966 Talis
1289 928 1424 966 autem
1445 927 1675 980 anaphora,
1697 928 1829 979 qualis
1849 927 1890 967 in
1912 927 1973 976 ΙΙ,
1989 928 2092 968 595:

798 990 894 1034 Nec
912 1006 985 1035 voe
1006 993 1124 1034 rivali
1145 993 1317 1047 laqueos
1340 994 1566 1047 disponite,
1586 1007 1663 1035 nec
1682 1007 1755 1035 voe

244 1070 374 1123 extat,
397 1078 479 1115 non
499 1065 645 1106 iterum
665 1064 880 1105 iuvenitur.

359 1136 406 1176 In
428 1134 694 1188 pentametris
714 1134 820 1174 hauc
839 1133 1011 1184 figuram
1035 1132 1255 1174 exhibitam
1277 1133 1493 1175 videmus
1482 1147 1524 1174 m
1544 1135 1595 1176 A.
1616 1147 1651 1174 a.
1673 1134 1713 1183 Ι,
1739 1135 1829 1174 122.

798 1198 914 1242 Pars
934 1201 1064 1242 laniat
1081 1201 1236 1243 crines.
1253 1214 1360 1256 pare
1380 1203 1467 1243 sine
1487 1207 1622 1245 mente
1642 1203 1769 1245 sedet.

244 1275 342 1314 426.
366 1274 464 1313 518.
486 1273 585 1313 552.
609 1273 705 1312 740.
726 1270 792 1319 II,
816 1271 880 1310 12.
906 1272 1002 1311 668.
1026 1271 1123 1310 774.
1143 1269 1226 1319 ΙΠ,
1247 1272 1338 1310 150.
1366 1272 1460 1311 614.
1482 1271 1595 1312 Rem.
1619 1273 1715 1313 526.
1738 1273 1834 1312 538.
1859 1273 1956 1313 705.
1999 1270 2186 1322 Quibus
2175 1283 2217 1311 ιιι
2238 1270 2433 1328 exemplis
2453 1245 2599 1311 iisdem

246 1341 451 1391 artificiis,
482 1353 652 1394 quorum
666 1340 754 1394 jam
776 1351 901 1392 supra
922 1338 1165 1379 mentionem
1186 1338 1376 1390 fecimus,
1407 1352 1505 1382 usus
1534 1344 1597 1381 est
1623 1344 1745 1394 poeta
1770 1340 1823 1382 ad
1852 1340 2087 1382 varietatem
2117 1339 2369 1382 efficiendam
2399 1343 2520 1391 atque
2538 1338 2598 1379 ni-

246 1412 368 1452 miam
389 1410 625 1464 anaphorae
647 1410 729 1450 vim
750 1407 1063 1450 diminuendam.

364 1481 458 1521 Jam
486 1491 558 1520 eos
587 1480 700 1519 locos
733 1478 951 1524 addamus,
983 1477 1130 1528 quibus
1157 1477 1263 1517 intra
1286 1477 1407 1520 unius
1439 1479 1603 1520 distichi
1623 1480 1724 1520 fines
1746 1480 1846 1520 etin
1867 1479 1993 1520 initiis
2014 1490 2204 1520 versuum
2228 1477 2477 1530 singulorum
2499 1475 2599 1517 etin

250 1549 418 1590 alterius
438 1548 615 1588 ambitus
636 1547 848 1599 anaphora
866 1548 1067 1597 usurpata
1087 1548 1170 1594 est,
1190 1549 1235 1586 ut
1254 1546 1295 1585 in
1316 1546 1359 1595 Ι,
1380 1550 1425 1595 3,
1443 1549 1490 1587 4:

804 1612 914 1654 Arte
935 1614 1038 1654 citae
1061 1614 1233 1666 veloque
1254 1619 1363 1656 rates
1384 1628 1575 1668 remoque
1596 1621 1823 1658 moventur.

893 1681 1004 1723 Arte
1023 1683 1139 1724 leves
1160 1695 1313 1727 currus.
1357 1681 1465 1724 Arte
1485 1686 1689 1737 regendus
1709 1687 1846 1727 Amor.

249 1759 324 1805 39,
348 1758 417 1801 40.
446 1755 508 1804 11,
533 1757 635 1802 133,
653 1756 692 1793 4.
716 1755 822 1805 453,
843 1755 882 1793 4.
903 1751 986 1799 111,
1004 1753 1113 1801 385,
1133 1754 1170 1792 6.
1195 1754 1300 1802 567,
1326 1755 1363 1793 8.
1386 1753 1498 1794 Rem.
1527 1756 1628 1803 137
1651 1757 1692 1795 8.
1720 1756 1825 1806 727,
1847 1757 1884 1795 8.
1934 1755 2034 1795 Tum
2064 1755 2169 1795 idem
2200 1753 2436 1795 vocabulum
2468 1753 2530 1794 bis
2561 1753 2600 1792 in

247 1827 501 1873 hexametro,
523 1823 619 1864 bis
608 1835 650 1862 ιιι
671 1824 946 1874 pentrametro
966 1820 1103 1860 redit
1091 1833 1134 1860 ιιι
1154 1820 1195 1869 Ι,
1219 1823 1317 1869 493,
1340 1825 1386 1861 4·
2012 1845 2020 1850 ,

806 1885 868 1929 Et
888 1886 1013 1929 modo
1034 1888 1258 1941 praecedas
1279 1890 1421 1941 facito,
1442 1889 1568 1933 modo
1588 1895 1706 1943 terga
1725 1892 1922 1943 sequaris,

895 1954 955 1997 Ec
974 1955 1099 1997 modo
1120 1957 1289 1999 festines
1310 1964 1350 1999 et
1368 1957 1493 1999 modo
1514 1959 1648 2001 lentus
1670 1971 1752 2018 eas.

250 2031 300 2071 cf.
324 2042 385 2070 vs.
409 2032 484 2078 91,
503 2030 578 2077 92,
599 2031 669 2068 aut
688 2026 889 2066 alterum
879 2038 919 2065 ιιι
942 2026 1049 2077 499,
1066 2027 1163 2066 500.

806 2090 935 2134 Illam
955 2093 1176 2147 respicias,
1196 2093 1318 2135 illam
1337 2096 1481 2138 mirere
1504 2096 1662 2147 licebit3

897 2160 1040 2204 Multa
1063 2164 1301 2217 supercilio,
1324 2164 1461 2207 multa
1481 2167 1648 2220 loquare
1669 2167 1789 2215 notis.

366 2237 473 2277 Raro
502 2239 637 2275 autem
667 2234 708 2274 in
729 2234 806 2273 hac
842 2232 972 2283 figura
1001 2232 1229 2274 exhibenda
1255 2238 1379 2286 poeta
1413 2236 1515 2277 fines
1544 2236 1714 2278 duorum
1743 2249 1936 2293 versuum·
1958 2240 2241 2288 transgressus
2269 2241 2344 2277 est.
2393 2236 2507 2288 Quod
2537 2237 2606 2276 ubi

250 2307 366 2356 fecit,
404 2316 567 2358 semper
596 2306 668 2345 aut
703 2300 975 2356 conjungendi
1012 2300 1232 2353 particulas
1269 2303 1426 2345 addidit
1454 2310 1525 2350 aut
1551 2306 1768 2358 repetitum
1798 2306 2039 2347 vocabulum
2068 2318 2147 2347 non
2176 2306 2308 2359 primo
2337 2306 2477 2359 posuit
2501 2306 2606 2355 loco,

253 2376 400 2428 quibus
420 2373 602 2416 artificiis
625 2371 750 2413 nimia
771 2370 834 2411 vis
856 2369 1113 2423 repetitionis
1135 2372 1251 2422 quasi
1279 2371 1490 2425 frangitur.
1513 2375 1562 2415 cf.
1584 2375 1627 2424 Ι,
1647 2375 1802 2416 57-59.
1826 2375 2039 2418 239-241.
2063 2376 2219 2417 303-6.
2242 2377 2426 2416 409-11.
2450 2376 2605 2416 541-3.

253 2446 408 2484 691-4.
433 2439 956 2488 729-732.11‚117-119.
984 2439 1194 2489 niz—190.
1221 2441 1428 2482 179-133.
1451 2444 1608 2483 401—5.
1632 2442 2094 2491 517—20.III,123-6.
2116 2444 2300 2484 329-31.
2324 2444 2427 2493 389,
2445 2443 2497 2484 93
2510 2430 2523 2492 ‚'
2537 2443 2605 2484 94.

257 2514 414 2554 445-3.
431 2511 544 2552 Rem.
572 2510 724 2550 175-8.
748 2508 964 2549 317—321.
991 2507 1145 2548 675-8.
1167 2506 1214 2547 In
1234 2507 1316 2557 III,
1335 2511 1527 2552 633-641
1555 2512 1754 2563 particula
1775 2525 1872 2553 cum
1893 2513 2047 2565 septies
2066 2513 2184 2554 redit.
2593 2539 2595 2542 -

369 2581 480 2621 Haec
501 2580 712 2619 hactenus.
745 2576 836 2616 Jam
858 2575 911 2616 ad
932 2575 1014 2615 alia
1034 2575 1288 2628 repetitionis
1310 2578 1518 2624 schemata
1536 2580 1856 2633 progrediamur,
1878 2592 1981 2633 quae
2001 2580 2066 2623 hic
2087 2584 2210 2634 poeta
2224 2584 2339 2622 tanta
2354 2579 2608 2621 multitudine

253 2651 440 2699 admisit,
469 2654 513 2688 ut
541 2647 708 2687 auribus
737 2646 932 2686 lectorum
953 2644 1111 2697 passim
1133 2645 1310 2686 taedium
1346 2647 1428 2688 fere
1462 2650 1635 2690 excitare
1663 2649 1836 2703 possint.
1870 2650 1919 2691 cf.
1942 2649 2105 2691 Hertzb.
2128 2653 2284 2703 quaest.
2308 2649 2428 2702 Prop.
2451 2662 2491 2703 p.
2515 2650 2607 2690 106.

254 2723 389 2773 Atque
412 2720 586 2772 primum
607 2715 769 2768 quidem
793 2713 961 2755 Ovidius
983 2725 1187 2765 nunquam
1208 2714 1250 2755 in
1272 2720 1440 2768 utroque
1461 2719 1660 2768 carmine,
1682 2722 1718 2760 si
1740 2721 1940 2760 sententia
1958 2716 2142 2771 longiore
2160 2731 2280 2759 versu
2302 2731 2495 2770 expressa
2515 2730 2608 2758 cou-

252 2791 446 2837 tinuatur,
478 2798 622 2827 nomen
644 2785 685 2825 in
708 2782 876 2824 alterius
897 2793 1041 2823 versus
1062 2781 1177 2823 initio
1198 2784 1376 2836 repetiit,
1397 2786 1504 2838 quod
1526 2787 1708 2829 Tibullus
1726 2793 1847 2840 atque
1868 2788 2105 2841 Propertius
2126 2787 2367 2840 saepissime
2387 2798 2609 2838 usurpave-

254 2862 360 2900 runt.
393 2855 622 2908 Aliquoties
643 2856 777 2894 autem
799 2850 908 2904 apud
929 2850 1043 2890 ilium
1064 2851 1296 2907 resumptio
1317 2854 1532 2911 invenitur,
1559 2869 1639 2910 qua
1656 2870 1780 2906 unum
1795 2857 1860 2899 vel
1877 2857 1995 2910 plura
2017 2856 2216 2900 vocabula
2230 2855 2371 2899 eadem
2386 2859 2458 2897 aut
2472 2854 2609 2908 paullo

254 2931 412 2968 mutata
454 2926 586 2965 forma
621 2935 669 2962 ex
703 2922 818 2961 initio
847 2932 992 2961 versus
1020 2921 1091 2960 aut
1119 2921 1282 2961 distichi
1310 2925 1434 2964 totius
1461 2925 1503 2964 in
1531 2925 1608 2966 fine
1637 2938 1774 2967 eorum
1801 2937 1949 2977 magna
1976 2938 2067 2968 cum
2097 2925 2137 2965 vi
2164 2928 2413 2978 repetuntur.
2473 2923 2541 2964 Sic
2570 2923 2610 2961 iu

256 2994 548 3043 A.a.1,191,
573 2992 618 3031 2:
1964 3037 1967 3039 ,
2446 2996 2449 2998 ’

815 3054 1040 3109 Auspiciis
1062 3055 1302 3112 animisque
1314 3062 1479 3115 patris,
1501 3075 1621 3115 puer,
1643 3076 1756 3116 arma
1774 3063 1959 3106 movebis

897 3124 949 3163 Et
968 3123 1106 3165 vinces
1128 3125 1284 3168 animis
1305 3131 1596 3186 auspiciisque
1612 3131 1767 3185 patrie.

261 3204 354 3247 121..
391 3205 487 3254 713,
511 3208 548 3246 4.
584 3207 679 3254 633,
704 3206 740 3246 6.
773 3204 827 3253 11,
856 3198 950 3247 165,
977 3193 1071 3235 167·
1104 3194 1201 3251 ⁵97,
1226 3198 1265 3238 8.
1296 3201 1372 3251 ΙΠ,
1396 3204 1497 3243 613.
1524 3200 1637 3242 Rem.
1657 3202 1724 3249 τι,
1748 3200 1787 3240 2.
1820 3200 1916 3248 269,
1939 3200 2007 3240 ιο.
2041 3200 2138 3249 705,
2162 3200 2199 3239 6.

376 3274 560 3318 Alterum
580 3274 701 3329 hujus
723 3272 876 3327 figurae
898 3284 1027 3326 genus
1047 3266 1285 3326 implicatio
1306 3275 1381 3313 est.
1421 3272 1470 3311 cf.
1486 3269 1565 3319 ΙΙΙ,
1587 3270 1685 3319 449,
1708 3270 1782 3310 5οε
