2818 3637
1354 162 1412 218 11

220 321 315 371 167,
338 321 376 362 8.
401 317 497 369 221,
520 318 559 359 2.
583 317 682 367 297,
702 319 740 359 8.
764 318 860 368 327,
882 318 921 359 8.
944 317 1041 368 389,
1062 318 1130 360 90.
1152 318 1251 371 487,
1273 322 1310 362 8.
1333 321 1430 371 493,
1447 322 1486 361 4.
1509 319 1608 370 497,
1626 319 1663 358 8.
1687 318 1782 369 515,
1801 320 1838 359 6.
1863 320 1960 368 519,
1978 320 2044 360 20.
2068 319 2165 369 579,
2184 320 2252 359 80.
2275 321 2371 370 641,
2389 321 2426 361 2.
2453 322 2548 369 647,

216 392 256 431 8.
279 389 376 437 703,
398 389 438 428 4.
461 388 556 433 779,
580 388 647 429 80.
671 388 768 436 809,
793 389 860 428 10.“
932 400 934 402 ·

423 455 578 497 Deinde
598 455 638 505 Ι,
664 457 757 506 123,
780 459 825 496 4:
857 455 999 497 Altera
1017 462 1174 499 maesta
1192 459 1298 501 silet.
1319 459 1469 500 frustra
1487 460 1606 499 vocat
1624 457 1750 498 altera
1768 460 1948 498 matrem.

315 542 317 544 ·
895 543 898 545 ·
936 524 1047 567 Haec
1066 527 1256 579 queritur.
1278 528 1417 581 stupet
1434 528 1546 568 haec.
1567 527 1667 566 haec
1690 530 1835 567 manet.
1857 526 1929 566 illa
1949 525 2061 578 fugit.

216 596 316 646 423,
335 597 375 634 4.
397 595 496 643 595,
519 595 556 634 6.
587 593 700 634 Rem.
724 594 819 642 339,
841 595 910 634 40.
933 596 1030 644 505,
1053 597 1090 635 6.
1113 596 1272 645 555,·6.
1297 593 1392 645 603,
1414 598 1454 636 4.
1478 597 1575 643 693,
1597 597 1635 635 4.
1661 596 1756 643 747,
1780 596 1825 647 8;

218 665 424 717 postremo
445 664 602 715 septem
623 661 879 702 inveniuntur
899 661 989 717 cola
1006 663 1047 703 in
1067 663 1228 712 1,*145‚
1251 664 1289 704 6.
1313 664 1408 712 227,
1430 665 1469 705 8.
1491 664 1589 712 485,
1612 664 1656 703 6:

851 729 966 780 Quod
984 734 1106 782 rogat
1121 731 1213 780 illa,
1232 732 1357 773 timet.
1379 732 1488 784 quod
1506 744 1586 772 11011
1606 734 1744 782 rogat,
1766 734 1901 783 optat,
1923 734 1967 771 ut
1985 731 2126 772 instes.

937 797 1155 851 Insequere
1175 804 1218 840 et
1235 800 1319 841 voti
1339 800 1556 854 postmodo
1577 812 1744 852 compos
1766 799 1859 841 eris.

220 868 351 920 Quum
380 871 513 908 autem
539 867 640 907 haec
668 867 848 912 membra
867 867 1022 908 minuta
1040 868 1235 910 orationis
1256 880 1417 923 semper
1434 869 1557 910 rebus
1578 868 1855 909 describendis
1875 869 2088 921 aptissime
2109 872 2306 922 usurpata
2333 882 2461 921 neque
2482 883 2549 911 us-

215 950 336 990 quam
357 949 430 989 per
450 936 568 989 plura
588 947 679 976 sese
700 935 943 988 excipientia
962 937 1136 978 disticha
1155 938 1352 990 producta
1370 937 1474 987 sint,
1503 941 1657 977 tantum
1679 938 1815 985 abest,
1843 941 1887 976 ut
1906 938 2081 978 taedium
2103 938 2277 989 aliquod
2290 939 2483 988 excitent,
2506 945 2550 979 ut

215 1017 405 1056 magnum
426 1004 648 1056 praebeant
668 1004 1026 1054 oblectamentum3
1053 1005 1105 1045 iis
1133 993 1239 1045 enim
1268 1006 1462 1046 lectorum
1492 1006 1615 1044 animi
1636 1005 1752 1055 quasi
1772 1005 1981 1055 rapiuntur
2001 1010 2120 1056 atque
2141 1018 2261 1057 quam
2283 1007 2489 1046 celerrime
2511 1008 2549 1046 in

215 1073 389 1125 legendo
410 1072 602 1126 progredi
623 1075 831 1123 coguntur.
874 1072 1028 1114 Deinde
1048 1077 1201 1123 autem,
1229 1078 1274 1114 ut
1293 1075 1402 1115 illius
1422 1075 1504 1125 rei,
1533 1077 1701 1126 propter
1729 1084 1845 1124 quam
1869 1073 1971 1112 hanc
1989 1073 2236 1114 instituimus
2257 1075 2549 1125 quaestionem,

219 1142 416 1183 rationem
436 1142 682 1189 habeamus,
718 1141 804 1189 iis,
820 1152 922 1192 quae
943 1142 1171 1192 attulimus,
1200 1144 1415 1196 exemplis,
1443 1139 1483 1182 111
1505 1142 1685 1194 periodis
1707 1141 1995 1194 componendis
2016 1142 2166 1182 nullum
2189 1143 2405 1183 discrimen
2426 1144 2550 1183 inter-

216 1222 307 1251 esse
327 1211 433 1250 inter
450 1213 662 1260 utrumque
684 1221 865 1258 carmen,
887 1210 988 1250 satis
1015 1211 1331 1252 demonstratum
1350 1223 1444 1253 esse
1466 1215 1667 1263 putamus.

330 1278 471 1331 Itaque
485 1278 571 1331 jam
592 1278 897 1331 progrediamur
915 1279 967 1320 ad
988 1279 1170 1331 singulas
1192 1279 1508 1322 considerandas
1529 1279 1700 1332 figuras,
1723 1290 1824 1331 quas
1846 1291 1924 1320 non
1944 1278 2077 1320 minus
2096 1278 2153 1319 ita
2173 1279 2352 1321 exhibuit
2366 1278 2550 1330 Ovidius,

215 1352 260 1389 ut
280 1359 475 1389 summam
497 1346 828 1401 perspicuitatem
849 1358 939 1387 cum
959 1348 1132 1388 maxima
1151 1349 1358 1390 alacritate
1378 1349 1678 1390 consociavisse
1698 1348 1895 1388 videatur.
1932 1347 2143 1399 Nunquam
2165 1348 2270 1387 enim
2289 1349 2329 1388 in
2348 1349 2413 1388 his
2434 1361 2550 1389 usur·

218 1417 366 1469 pandis
388 1428 435 1457 eo
457 1417 648 1456 audaciae
671 1428 913 1469 progressus
935 1422 1019 1468 est,
1039 1430 1117 1469 quo
1139 1417 1395 1469 Propertius,
1417 1419 1530 1470 cujus
1553 1418 1723 1458 elocutio
1744 1428 1825 1457 non
1841 1428 1933 1457 raro
1953 1417 2073 1469 hujus
2094 1417 2255 1467 generis
2276 1417 2456 1457 artificiis
2479 1419 2550 1458 ob-

216 1486 372 1526 scurior
405 1489 524 1537 atque
551 1485 687 1526 durior
714 1485 772 1526 fit.
813 1484 988 1525 Primum
1019 1489 1153 1526 autem
1173 1485 1306 1526 iocum
1327 1486 1535 1527 obtineant
1561 1486 1845 1538 repetitionum
1874 1485 2047 1537 figurae,
2077 1485 2222 1537 quibus
2252 1485 2384 1525 nullus
2406 1486 2550 1526 Roma-

217 1566 357 1595 norum
379 1557 500 1607 poeta
520 1554 685 1606 saepius
707 1553 852 1594 Ovidio
872 1566 971 1594 usus
1000 1557 1075 1594 est.
1118 1553 1233 1604 Quod
1254 1555 1389 1595 mirari
1409 1567 1489 1595 non
1510 1554 1616 1594 licet.
1664 1554 1795 1604 Quum
1816 1554 1920 1594 enim
1941 1553 2115 1607 majores
2138 1554 2311 1594 ambitus
2333 1555 2552 1594 carminum

215 1623 585 1674 componendorum
613 1623 749 1673 generi
769 1623 877 1662 haud
898 1624 1066 1663 idoneos
1088 1634 1181 1663 esse
1202 1624 1305 1662 bene
1326 1614 1621 1675 perspexisset,
1650 1623 1835 1674 repetitis
1864 1624 2036 1673 singulis
2058 1624 2215 1670 verbis,
2246 1627 2291 1662 ut
2310 1624 2463 1663 minuta
2482 1624 2553 1663 1113

216 1691 304 1731 cola
324 1691 479 1732 ratione
500 1690 631 1742 magis
652 1690 788 1743 lepida
803 1694 923 1743 atque
938 1691 1083 1740 alacri,
1103 1703 1223 1743 quam
1241 1691 1587 1743 conjunctionibus
1600 1691 1686 1731 fieri
1703 1694 1858 1743 potest,
1881 1691 2165 1743 copularentur
2177 1722 2187 1739 ,
2209 1687 2549 1732 efficere'studuit.

180 1810 188 1817 ·
329 1760 364 1800 Α
377 1760 601 1813 naphora
620 1760 754 1812 igitur,
776 1772 857 1812 qua
875 1771 996 1801 voces
1012 1759 1291 1812 gravissimae,
1307 1764 1351 1800 ut
1366 1760 1601 1813 particulae,
1623 1760 1874 1813 pronomina,
1894 1759 2161 1807 substantiva,
2186 1760 2309 1801 verba
2325 1760 2467 1801 eadem
2487 1761 2553 1801 vel

218 1829 424 1870 simillima
450 1828 579 1869 forma
604 1829 774 1870 maxime
793 1829 834 1869 in
855 1829 981 1869 initiis
1009 1841 1147 1870 earum
1176 1832 1412 1882 repetuntur
1440 1829 1752 1878 sententiarum,
1781 1840 1883 1880 quae
1912 1829 2100 1868 continua
2119 1829 2223 1868 serie
2245 1829 2333 1869 sive
2354 1830 2443 1882 pari
2463 1841 2552 1869 cum

218 1899 257 1937 vi
273 1899 360 1938 sive
376 1911 450 1950 per
465 1899 741 1949 gradationem
762 1898 922 1949 positae
942 1901 1054 1946 sunt,
1075 1910 1154 1939 non
1173 1902 1258 1938 tam
1278 1902 1446 1950 propter
1465 1899 1676 1950 majorem,
1698 1910 1801 1948 quae
1820 1898 1915 1937 huic
1934 1897 2086 1948 figurae
2108 1898 2234 1946 inest,
2257 1899 2337 1937 vim
2359 1911 2477 1949 quam
2499 1900 2550 1938 ad

217 1967 465 2008 alacritatem
492 1966 686 2008 orationis
714 1966 990 2018 exaugendam
1018 1969 1162 2019 poetae
1190 1967 1359 2020 probata
1393 1971 1469 2008 est.
1516 1966 1571 2007 Ut
1596 1966 1668 2007 illa
1693 1970 1827 2007 autem
1854 1966 2058 2018 exempla,
2094 1966 2240 2018 quibus
2282 1966 2550 2020 conjungendi

218 2036 457 2088 particulae,
485 2039 531 2076 ut
550 2040 608 2084 et,
636 2034 742 2083 eive,
770 2035 876 2075 aliae
902 2038 1162 2087 repetuntur,
1198 2035 1451 2086 omittamus,
1482 2036 1656 2088 primum
1684 2046 1754 2075 eos
1776 2035 1989 2075 afferemus
2016 2034 2148 2081 locos,
2177 2035 2246 2074 ubi
2268 2034 2458 2083 Ovidius,
2489 2036 2550 2074 cui

217 2117 374 2144 summa
401 2106 564 2145 ubertas
594 2105 830 2144 varietatem
857 2104 1015 2144 felicem
1045 2104 1333 2145 sententiarum
1361 2105 1670 2157 suppeditabat,
1699 2104 1908 2156 anaphora
1933 2104 1974 2144 in
2002 2103 2216 2156 principiis
2247 2115 2437 2144 versuum
2459 2116 2550 2144 sese

217 2172 502 2225 excipientium
523 2173 667 2214 utitur:
689 2173 738 2213 A.
761 2185 797 2212 a.
815 2172 854 2221 I,
874 2174 951 2213 251
969 2203 980 2220 ,
996 2174 1036 2224 2.
1063 2174 1164 2222 117,
1183 2174 1221 2214 8.
1245 2175 1321 2214 391
1338 2204 1349 2222 ,
1366 2174 1411 2214 21

958 2236 1062 2281 Non
1080 2241 1169 2281 avis
1188 2241 1339 2281 utiliter
1357 2241 1526 2282 viscatis
1547 2241 1688 2292 effugit
1707 2240 1806 2281 alis:

1046 2305 1149 2349 Non
1168 2309 1271 2350 bene
1292 2309 1341 2350 de
1361 2309 1465 2351 laxis
1487 2310 1671 2350 cassibus
1693 2309 1774 2349 exit
1793 2321 1903 2362 aper.

182 2380 185 2383 ’
216 2379 320 2427 437,
338 2374 377 2418 8.
401 2379 499 2427 450,
521 2381 555 2418 1.
578 2378 676 2427 471,
697 2379 734 2418 2.
759 2377 865 2427 581,
887 2379 924 2418 2.
948 2378 1107 2427 615‚6.
1130 2378 1191 2428 Π,
1216 2380 1288 2427 15,
1308 2379 1372 2419 16.
1395 2380 1502 2428 209,
1523 2381 1586 2419 10.
1611 2380 1683 2425 51,
1703 2379 1741 2418 2.
1767 2379 1924 2427 321,2.
1949 2379 2051 2427 463,
2072 2381 2110 2418 4.
2129 2377 2210 2427 111,
2234 2379 2309 2427 93,
2329 2380 2366 2417 4.
2392 2379 2545 2425 215,6‚

215 2447 284 2486 ubi
299 2447 379 2488 duo
395 2449 630 2499 repetuntur
646 2446 863 2494 vocabula,
887 2448 962 2494 67,
981 2448 1047 2487 68.
1072 2448 1176 2494 317,
1195 2449 1233 2487 8.
1257 2449 1329 2495 32,
1343 2449 1380 2486 3.
1404 2449 1508 2496 611,
1527 2450 1564 2487 2.
1587 2448 1698 2487 Rem.
1722 2449 1797 2494 47,
1816 2450 1853 2487 8.
1878 2449 2002 2495 63,4.
2029 2448 2106 2488 193
2123 2450 2185 2497 ,4.
2209 2448 2289 2487 201
2306 2448 2366 2494 ,2.
2391 2448 2471 2486 235
2485 2477 2494 2494 ,
2510 2448 2546 2486 6.

216 2526 294 2566 quo
323 2515 365 2555 111
392 2514 482 2556 1000
510 2514 630 2556 lectio
650 2513 786 2556 Jahnii
815 2518 955 2555 contra
975 2514 1209 2556 Merkelium
1234 2515 1444 2556 retinenda
1471 2516 1630 2556 videtur
1657 2527 1770 2563 esse,
1803 2517 1906 2565 307,
1927 2518 1964 2556 8.
2000 2516 2103 2564 749,
2128 2516 2194 2555 50.
2238 2514 2463 2565 Aliquofies
2485 2514 2546 2553 vis

215 2583 447 2637 anaphorae
468 2584 735 2638 conjungendi
756 2584 964 2638 particulis
982 2583 1102 2636 ,quasi
1122 2583 1351 2625 oblitterata
1369 2588 1454 2634 est,
1476 2588 1521 2625 ut
1539 2585 1580 2626 in
1600 2584 1621 2625 Ι
1633 2615 1643 2634 ,
1665 2586 1743 2625 117
1755 2616 1766 2634 ,
1785 2587 1827 2625 8:

824 2649 881 2693 Ut
899 2653 1057 2704 fugiunt
1075 2653 1232 2705 aquilas
1245 2683 1255 2702 ,
1276 2653 1535 2695 timidissima
1554 2654 1691 2702 turba,
1713 2653 1943 2704 columbae,

912 2719 1052 2776 thue
1069 2722 1174 2774 fugit
1193 2722 1304 2762 visos
1325 2734 1432 2774 agna
1451 2722 1612 2763 novella
1631 2723 1763 2775 lupos.

214 2790 295 2840 111,-
314 2792 390 2840 93,
414 2794 452 2831 4.
481 2791 531 2832 cf.
562 2794 773 2844 praeterea
790 2791 831 2840 Ι,
851 2792 957 2840 553,
976 2793 1014 2831 4.
1037 2790 1119 2841 III,
1138 2793 1243 2841 573,
1261 2794 1299 2832 4.
1320 2791 1432 2833 Rem.
1464 2794 1570 2842 787,
1588 2794 1625 2833 8.
1674 2791 1720 2832 Ι11
1743 2792 1790 2832 A.
1811 2805 1847 2832 a.
1868 2791 1909 2840 I,
1928 2792 2068 2838 450,1
2094 2793 2134 2830 et
2153 2789 2213 2838 H,
2233 2790 2335 2837 490,
2361 2792 2375 2828 1
2403 2801 2548 2830 versus

216 2859 380 2900 brevior
399 2871 488 2900 cum
511 2860 695 2912 sequenti
714 2861 946 2901 hexametro
967 2860 1176 2913 anaphora
1187 2860 1352 2914 junctus
1373 2864 1448 2901 est.
1737 2910 1742 2913 μ
1834 2846 1844 2854 ’

329 2926 407 2969 Ubi
429 2928 574 2969 deinde
594 2929 719 2969 initiis
741 2928 1007 2982 complurium
1027 2941 1217 2970 versuum
1237 2929 1462 2980 longiorum
1483 2930 1587 2970 hanc
1607 2930 1777 2981 figuram
1798 2928 1960 2968 admisit
1980 2930 2119 2979 poeta,
2143 2926 2243 2967 fines
2265 2926 2436 2967 duorum
2458 2938 2546 2967 ver-

216 2996 355 3045 suum,
382 3009 504 3049 quum
531 2994 693 3038 omnino
721 2998 888 3039 eandem
910 2987 1228 3039 enuntiationum
1256 2998 1424 3038 formam
1452 2999 1674 3051 producere
1694 3009 1773 3037 non
1795 2997 1962 3045 soleret,
1990 3007 2067 3035 non
2091 2995 2277 3036 excessit.
2319 2994 2437 3046 Quod
2457 2995 2548 3049 ipse

214 3062 354 3104 videas
375 3076 423 3105 ex
442 3065 508 3106 his
529 3066 740 3118 exemplis:
773 3065 813 3114 Ι,
834 3068 908 3115 83,
925 3067 964 3106 5.
1703 3110 1710 3118 ¹

762 3130 845 3173 Illo
864 3145 990 3188 caepe
1009 3131 1102 3174 loco
1122 3134 1280 3186 capitur
1299 3133 1505 3173 consultus
1526 3132 1663 3172 Amori

849 3199 1006 3253 Quique
1025 3201 1117 3242 aliis
1138 3202 1263 3251 cavit,
1283 3212 1363 3241 non
1383 3205 1500 3241 cavet
1518 3201 1608 3252 ipse
1629 3201 1718 3240 sibi.

761 3267 844 3312 Illo
864 3281 990 3325 saepe
1006 3268 1097 3312 loco
1117 3271 1264 3312 desunt
1282 3282 1355 3311 sua
1374 3270 1499 3311 verba
1519 3269 1682 3310 diserto.
